2632 3616
2074 276 2135 321 45

645 351 724 399 lari
758 350 859 415 quia
892 351 1050 398 seilicet·
1081 351 1405 397 Sacramentum
1440 349 1519 394 lior.
1542 349 1598 393 ita
1621 346 1779 408 pendet
1807 355 1943 392 totum
1968 365 1992 392 a
2010 350 2133 404 Fide,

646 424 689 459 et
725 415 780 458 ita
816 415 857 458 in
891 414 997 458 Fide
1031 421 1176 457 totum
1203 411 1428 462 fundatur,
1458 418 1503 454 ut
1523 426 1574 454 ea
1608 410 1784 467 dempta
1820 408 1927 453 nihil
1963 425 2138 467 prorsus

648 476 691 519 in
726 476 785 518 Eo
820 475 897 518 nisi
933 488 1089 532 panem
1122 482 1164 517 et
1190 473 1339 516 vinum
1363 472 1546 530 quisque
1568 478 1710 529 posset
1732 469 1983 513 admittere.
2011 472 2137 517 Unde

649 536 744 579 iure
776 535 939 594 optimo
972 532 1230 577 Benedictus
1264 534 1361 576 XIV
1397 533 1474 575 lib.
1494 534 1537 575 3.
1564 547 1660 589 cap.
1681 531 1756 575 27.
1779 545 1831 574 ex
1853 532 2035 575 Summo
2059 532 2136 575 do-

648 596 834 640 votionis
865 609 988 638 sensu
1023 609 1109 651 quo
1143 593 1296 651 aliquis
1319 593 1399 635 Dei
1427 593 1583 636 Servus
1615 590 1940 637 Sanctis-simum
1976 592 2140 637 Eucha-

647 656 792 700 ristiae
833 656 1161 699 Sacra-mentum
1198 661 1445 711 prosecutus
1478 661 1571 703 est,
1607 652 1868 708 singularem
1903 652 2057 710 plane,
2096 661 2139 697 ot

649 716 865 760 heroicam
914 714 1011 758 Eius
1057 714 1208 757 Fidem
1243 712 1587 771 argumentando
1620 711 1814 762 deducit,
1850 712 1979 755 simili
2013 729 2141 772 argu-

649 784 897 820 mentorum
916 789 1072 831 genere
1089 774 1128 817 in
1150 774 1344 832 plurimis
1354 775 1590 817 Causarum
1610 774 1841 816 Servorum
1854 773 1936 815 Dei
1955 773 2141 817 Relatio-

652 836 782 879 nibus
801 835 861 879 usi
879 842 979 878 sunt
996 835 1039 879 S.
1058 835 1192 878 Rotae
1211 836 1432 878 Romanae
1448 833 1675 890 Auditoress
1693 832 1766 890 qui
1785 840 1827 875 et
1847 832 1926 890 ipsi
1944 848 1998 875 ex
2012 834 2145 878 devo-

651 896 779 938 tionis
811 896 966 938 Eorum
993 894 1245 938 excellentia
1273 910 1374 953 erga
1396 896 1699 940 Sacrosantum
1714 893 1874 937 Altaris
1891 893 2143 937 Sacramen-

653 963 745 999 tum
770 954 985 999 heroicam
1009 955 1182 998 lllorum
1217 955 1369 998 Fidem
1403 956 1704 999 demonstrare
1737 967 1822 996 non
1856 952 2137 998 haesitarunt.

532 1017 612 1059 27.
649 1016 796 1073 Neque
828 1015 884 1058 ad
917 1015 995 1058 lioe
1031 1023 1193 1058 tantum
1245 1015 1498 1074 mysterium
1531 1030 1576 1058 se
1609 1013 1716 1058 sistit
1752 1014 1911 1058 Sorvae
1946 1013 2027 1056 Dei
2064 1014 2147 1057 im-

654 1090 801 1120 mensa
835 1075 971 1133 piet-as
1002 1091 1051 1118 ae
1084 1075 1258 1119 devotio
1280 1109 1290 1127 ‚
1342 1092 1493 1119 verum
1529 1075 1660 1119 etiam
1709 1075 1874 1132 reliqua
1907 1073 2146 1132 Religionis

655 1143 825 1179 nostrae
858 1136 1150 1180 sanctissimae
1197 1137 1422 1194 complexa
1457 1143 1520 1179 est
1567 1134 1787 1193 mysteria.
1823 1135 1931 1178 Prae
1965 1136 2149 1179 caeteris

652 1205 801 1239 autem
850 1195 1226 1240 vehementissimo
1270 1197 1511 1241 devotionis
1543 1212 1666 1239 sensu
1700 1195 1861 1239 Eadem
1895 1194 2047 1239 affecta
2083 1205 2149 1239 est

659 1256 805 1314 quoad
838 1256 924 1299 duo
958 1256 1028 1300 illa
1062 1257 1309 1301 suavissima
1342 1266 1385 1301 et
1417 1256 1709 1301 amantissima
1748 1254 2080 1307 lucan-nationis,
2106 1266 2150 1299 et

656 1316 869 1360 Passionis
902 1317 1203 1375 Redemptoris
1252 1318 1390 1362 Nostri
1440 1317 1661 1376 mysteria.
1712 1316 1908 1360 Primum
1959 1331 2153 1374 inanique

655 1376 815 1420 scilicet
847 1377 1154 1421 incarnationis
1184 1377 1295 1422 adeo
1327 1377 1446 1422 cordi
1480 1380 1639 1423 Sei-iae
1671 1377 1751 1421 Dei
1785 1376 1863 1420 suit
1896 1384 1944 1421 ut
1979 1375 2033 1419 ad
2065 1392 2152 1420 ser-

660 1435 846 1479 vandam
883 1443 969 1480 toto
1004 1437 1118 1480 sitae
1148 1454 1252 1481 suae
1284 1447 1476 1496 tempore
1508 1437 1798 1483 dulcissimam
1833 1437 1953 1481 lllius
1987 1451 2152 1480 memo-

660 1496 768 1539 riam
803 1497 844 1539 in
878 1512 952 1539 sua
984 1498 1164 1540 solemni
1198 1499 1389 1542 Prolessa
1423 1499 1636 1556 Religiosa
1669 1498 1826 1541 Mariae
1858 1498 1915 1541 ab
1950 1498 2155 1541 incarna-

660 1556 776 1600 tione
800 1571 956 1599 nomen
976 1558 1160 1601 voluerit
1176 1557 1260 1602 sibi
1285 1558 1467 1616 imponi.
1494 1560 1686 1602 Alterum
1713 1573 1815 1600 vero
1853 1572 2012 1615 nempe
2048 1560 2148 1601 l‘as-

658 1616 788 1660 sionis
822 1625 938 1660 tanto
972 1616 1140 1675 pietatis
1186 1618 1342 1662 ass'ectu
1392 1627 1617 1677 prosecuta
1651 1626 1713 1661 est
1746 1626 1793 1661 ut
1828 1617 1988 1661 nedum
2024 1617 2065 1660 in
2099 1633 2150 1661 ea

662 1676 915 1721 meditanda
948 1679 1032 1722 Cor
1063 1677 1160 1721 Eius
1193 1679 1236 1722 in
1270 1695 1417 1723 sensus
1449 1680 1568 1737 pios,
1605 1695 1655 1722 ac
1685 1678 1867 1722 devotos
1912 1677 2148 1730 difflueret,

660 1737 739 1782 sed
771 1745 813 1780 et
846 1737 1028 1796 Spiritus
1064 1738 1105 1782 in
1139 1738 1377 1783 Dominum
1412 1741 1481 1784 vel
1528 1740 1584 1783 ab
1632 1738 1811 1783 exordio
1861 1738 2159 1783 meditationis

663 1796 941 1855 abriperetur
971 1798 1109 1842 Testis
1139 1801 1178 1842 X
1213 1799 1401 1858 (Summ.
1428 1815 1548 1844 num.
1573 1801 1665 1844 vn.
1688 1815 1786 1858 pag.
1804 1800 1905 1858 72.)
1942 1819 1960 1836 ·
1985 1799 2017 1841 ll
2040 1799 2160 1843 ‹lono

670 1879 685 1896 ι
715 1858 761 1902 di
794 1858 990 1903 orazione
1022 1858 1101 1903 elie
1134 1859 1174 1904 le
1205 1877 1279 1904 era
1310 1869 1420 1905 stato
1454 1861 1741 1912 coauunicato,
1767 1861 1809 1903 la
1842 1861 1915 1904 uni
1948 1858 2006 1904 da
2038 1859 2160 1916 prin-

671 1939 687 1957 »
717 1918 829 1975 cipio
861 1934 887 1962 a
920 1919 1070 1962 Nostro
1102 1920 1297 1978 signore,
1332 1921 1556 1966 mediante
1589 1923 1632 1966 la
1665 1921 1947 1979 impressione
1969 1919 2041 1963 dei
2063 1920 2156 1963 suoi

673 1999 688 2017 ι
720 1978 961 2037 pauimenti,
997 1995 1021 2023 e
1054 1978 1124 2023 dei
1158 1982 1299 2025 meriti
1333 1981 1490 2025 infiniti
1510 1982 1582 2026 del
1597 1998 1676 2026 suo
1696 1997 1938 2039 sanguem.
1959 1980 2164 2024 Nascosto

671 2060 687 2078 u
718 2039 830 2082 nelle
863 2039 1019 2097 piaghe
1049 2050 1290 2085 sacrosante
1322 2043 1366 2087 di
1390 2042 1522 2093 Geso,
1550 2043 1576 2086 il
1599 2058 1677 2086 suo
1698 2057 1828 2085 cuore
1850 2042 1885 2085 si
1908 2039 2164 2086 dill'ondeva

674 2121 690 2139 ι
720 2100 762 2143 in
794 2100 1040 2144 sentimenti
1073 2101 1115 2145 di
1147 2104 1479 2161 eompnnzione,
1515 2103 1557 2146 di
1591 2101 1892 2154 benedizione,
1929 2118 1955 2145 e
1986 2100 2030 2143 di
2065 2101 2163 2144 rin-

672 2180 692 2198 »
717 2160 1074 2217 graziamenti....
1094 2162 1139 2203 ln
1174 2163 1256 2206 tale
1288 2171 1397 2206 stato
1431 2162 1475 2206 di
1508 2163 1721 2212 orazione,
1756 2162 1850 2205 Ella.
1872 2178 1961 2206 non
1984 2161 2018 2203 si
2044 2169 2153 2205 tosto

672 2241 690 2258 ι
721 2221 934 2264 trovavasi
965 2221 1203 2279 genuflossa
1236 2222 1454 2266 d’innanzi
1489 2223 1529 2266 al
1560 2239 1636 2267 suo
1669 2221 1908 2274 Crocifisso,
1934 2222 2015 2267 che
2037 2236 2163 2264 senza

673 2301 689 2319 ι
718 2295 851 2324 avere
884 2280 912 2323 il
945 2289 1091 2338 tempo
1123 2281 1166 2324 di
1202 2283 1443 2334 meditare,
1480 2284 1630 2327 Nostro
1664 2284 1842 2340 Signore
1876 2300 1900 2327 a
1928 2284 1978 2342 §e
2013 2282 2161 2339 rapiva

676 2361 694 2379 ι
723 2340 752 2383 il
782 2355 861 2383 suo
890 2340 1056 2397 spirito,
1094 2341 1147 2385 ed
1182 2344 1281 2386 Essa
1315 2359 1403 2387 non
1427 2351 1581 2401 poteva
1604 2344 1674 2388 dir
1705 2344 1831 2387 altro:
1865 2371 1894 2379 -
1916 2345 1948 2387 E
1983 2342 2166 2386 l’amore

677 2421 693 2439 ι
722 2400 803 2443 elie
835 2400 874 2442 ν’
898 2401 950 2443 lna
984 2401 1145 2445 ridotto
1176 2419 1200 2447 a
1235 2403 1318 2447 tale
1350 2412 1477 2456 stato;
1506 2420 1577 2457 no,
1596 2420 1642 2449 se
1666 2408 1730 2448 voi
1756 2420 1840 2447 non
1865 2404 1973 2448 soste
1995 2418 2167 2453 amore,

677 2481 694 2500 ι
726 2476 811 2504 non
842 2469 1014 2506 avreste
1048 2462 1149 2506 fatto
1183 2480 1278 2507 cosa
1311 2465 1343 2507 si
1376 2464 1541 2523 grande
1575 2481 1653 2525 per
1685 2480 1808 2508 amor
1843 2464 1992 2516 mio,-
2014 2462 2169 2524 quindi

678 2541 694 2560 ι
725 2521 815 2566 Ella
848 2521 882 2565 si
916 2522 1235 2569 abbandonava
1268 2525 1624 2584 all’impressione
1658 2525 1702 2569 di
1735 2527 1871 2585 quest’
1891 2540 2042 2570 amore
2049 2556 2164 2568 ......

681 2602 697 2620 .
728 2581 817 2626 Ella
849 2582 1117 2640 spei-imento
1148 2585 1192 2629 in
1222 2586 1406 2643 seguito,
1427 2587 1506 2630 elie
1538 2595 1691 2645 questo
1707 2587 1836 2630 Divin
1855 2586 2080 2632 salvatore
2098 2584 2174 2628 nei

682 2662 700 2680 ι
729 2643 888 2687 misceri
922 2642 1034 2687 della
1069 2658 1144 2689 sua
1179 2646 1264 2690 vita
1298 2648 1500 2698 mortale,
1525 2663 1595 2691 era
1630 2646 1669 2690 la
1701 2663 1777 2692 sua
1812 2647 1895 2699 via,
1923 2647 1963 2690 la
1996 2661 2071 2690 sua
2095 2659 2173 2689 ve-

684 2723 700 2742 ι
729 2702 826 2756 rita,
861 2703 902 2747 la
934 2719 1010 2749 sua
1046 2704 1208 2751 vita....
1231 2707 1311 2750 Era
1345 2723 1402 2751 un
1438 2708 1605 2765 pascolo
1640 2707 1820 2751 secondo
1857 2724 1939 2752 ove
1984 2707 2009 2751 l’
2028 2706 2174 2750 anima

680 2784 697 2802 ι
727 2779 803 2807 sua
850 2765 885 2808 si
936 2766 1104 2810 nutriva
1153 2767 1223 2812 dei
1261 2767 1362 2811 beni
1407 2767 1451 2811 di
1502 2777 1651 2827 questo
1685 2769 1844 2817 Divino
1879 2771 2055 2813 Pastore
2089 2781 2172 2810 con

684 2845 701 2863 ι
733 2840 817 2869 una
864 2827 1214 2873 comunicazione
1264 2830 1468 2873 continua
1512 2829 1627 2873 della
1662 2845 1738 2874 sua
1780 2829 1896 2882 vita,
1933 2844 1958 2873 e
1992 2828 2062 2874 del
2095 2842 2179 2871 suo

683 2904 706 2948 ξ»
732 2884 906 2947 spirito.
929 2907 948 2925 ι
