2640 3584
2001 258 2052 301 64

550 352 566 371 .
597 340 712 376 mato
745 345 867 375 come
902 330 928 373 il
966 330 1041 388 piu
1075 330 1340 388 importante
1375 329 1416 371 in
1452 337 1599 389 questa
1633 331 1756 381 casa,
1794 331 1826 374 si
1862 332 1887 374 e
1919 332 1958 375 la
1982 333 2070 377 vita

548 413 564 432 ι
594 392 705 436 della
740 400 883 436 nostra
918 391 1180 435 Venerabile
1212 390 1358 434 Madre
1391 391 1536 433 scritta
1572 390 1642 434 dal
1686 408 1764 435 suo
1813 392 1931 450 figtio
1978 394 2070 437 solo

550 474 566 492 ι
597 454 754 512 cinque
787 452 888 497 anni
922 452 1041 509 dopo
1074 452 1112 495 la
1151 458 1287 494 morte
1309 450 1423 494 della
1445 452 1578 495 Serva
1602 451 1648 495 di
1671 453 1772 496 Dio.
1799 453 1960 508 Questa
1984 454 2073 498 vita

548 534 565 553 ι
594 515 617 556 ὲ
650 523 755 559 stata
790 520 1027 572 appi-ovata
1061 513 1114 556 da
1151 512 1396 569 Monsignor
1427 512 1484 555 de
1517 512 1643 555 Laval
1678 513 1757 556 elie
1788 528 1925 558 aveva
1960 530 2069 572 per-

549 595 565 614 »
593 574 848 619 settamente
882 574 1126 617 eonoseiuto
1161 573 1199 616 la
1235 573 1492 617 Venerabile
1526 573 1700 623 Mandro,
1738 590 1762 618 e
1794 583 1944 633 questa
1982 575 2071 619 vita

550 656 566 674 ι
596 635 647 679 ba
680 644 810 679 avuto
843 650 1014 692 sempre
1046 633 1234 678 autorita
1268 633 1327 677 l'ra
1362 632 1405 676 di
1441 633 1527 683 noi,
1565 648 1687 677 eume
1722 636 1865 678 altresi
1901 636 1928 679 il
1950 637 2073 680 volu-

549 716 565 734 »
596 710 666 739 me
698 696 810 740 delle
843 712 916 739 sue
952 696 1101 739 lettere
1136 694 1222 753 (4).
1256 715 1270 731 ι
1298 693 1426 750 Quod
1458 702 1602 738 antem
1647 695 1836 739 dubitari
1880 706 2070 754 nequeat

543 756 706 801 dietum
740 757 932 816 primum
966 756 1293 811 Quebeeensem
1329 754 1711 814 Areliiepiseopnm
1737 756 1791 799 ‹le
1815 757 1945 800 Laval
1971 772 2071 815 per-

543 817 652 861 fecte
676 818 842 861 novisse
865 817 1025 861 dietam
1060 816 1141 860 Dei
1177 815 1417 868 Famulam,
1440 818 1631 874 Eamque
1665 818 1855 860 maximo
1891 818 1931 860 in
1966 834 2074 876 pre-

547 878 607 922 tio
641 878 838 922 habuisse
872 886 989 936 patet
1029 894 1081 921 ex
1129 877 1212 920 illis
1256 877 1401 919 verbis
1444 877 1602 935 quibus
1637 877 1756 922 ldem
1795 878 2072 922 Sanctitatem

544 938 662 982 lllius
695 939 751 982 ita
786 939 970 983 extollit:
1002 958 1018 976 c
1050 939 1105 981 La
1143 938 1464 982 testimonianza
1508 938 1585 981 che
1626 938 1841 997 possiamo
1887 938 2072 982 rendere

550 1020 566 1037 υ
598 999 768 1043 intorno
802 1001 883 1043 alla
917 998 1067 1042 Madre
1099 998 1233 1042 Maria
1266 997 1365 1041 dell'
1387 999 1688 1043 lnearnazione
1722 999 1935 1050 Orsolina,
1973 1000 2007 1043 si
2043 1001 2067 1043 e

551 1080 567 1098 n
594 1060 672 1103 che
704 1062 804 1103 Essa
834 1076 909 1117 uera
943 1067 1094 1102 ornata
1138 1059 1183 1103 di
1230 1068 1335 1101 tutte
1369 1059 1407 1101 le
1442 1059 1555 1102 virtu
1591 1060 1630 1102 in
1665 1061 1802 1118 grado
1841 1060 1948 1103 assai
1983 1061 2071 1104 ele-

553 1140 569 1159 »
599 1129 714 1164 vato.
752 1122 809 1164 La
843 1136 919 1164 sua
956 1120 1041 1163 vita
1076 1119 1279 1176 sempliee
1312 1119 1584 1170 all'esterno,
1623 1136 1691 1163 ma
1724 1121 2035 1179 regolatissima
2059 1156 2068 1171 ,

552 1202 567 1220 n
596 1181 650 1225 ed
683 1182 868 1225 animata
901 1180 957 1224 da
996 1196 1051 1223 un
1088 1181 1255 1223 interno
1291 1187 1399 1222 tutto
1432 1180 1608 1232 divino,
1647 1181 1841 1224 sormava
1876 1197 1963 1224 una
1998 1198 2075 1225 re-

550 1262 566 1279 »
597 1243 691 1300 gola
728 1243 899 1286 vivente
933 1257 1011 1299 per
1045 1250 1152 1285 tutta
1189 1241 1227 1284 la
1259 1242 1503 1285 Comunita.
1541 1242 1632 1284 Non
1657 1242 1902 1286 dubitiamo
1925 1241 2074 1285 allatto

550 1322 565 1340 ι
595 1303 673 1346 che
708 1304 806 1346 Essa
839 1303 971 1346 abbia
1005 1302 1266 1345 contribuito
1300 1301 1407 1345 colle
1441 1317 1515 1345 sue
1542 1303 1772 1359 preghiere
1795 1302 1849 1346 ad
1875 1311 2074 1346 ottenere

550 1383 566 1401 ι
596 1362 651 1406 da
676 1363 757 1406 Dio
786 1363 825 1406 le
850 1363 1127 1407 benedizioni
1159 1378 1304 1421 sparse
1323 1378 1370 1405 su
1390 1370 1539 1420 questa
1558 1362 1707 1406 Cliiesa
1728 1371 1930 1407 nascente
1949 1363 2064 1422 (2).-

666 1424 739 1467 92.
778 1424 863 1468 Sed
898 1432 939 1466 et
974 1423 1056 1467 alia
1089 1424 1264 1481 scripta,
1286 1432 1417 1482 atque
1440 1424 1482 1466 in
1508 1423 1645 1467 lucem
1669 1424 1786 1467 edita
1810 1423 1888 1467 suit
1911 1426 2075 1470 Servae

544 1485 624 1528 Dei
660 1485 747 1527 vita
781 1501 805 1527 a
840 1485 1104 1536 doctissimo,
1143 1493 1186 1528 et
1220 1485 1380 1543 pietate
1415 1484 1571 1542 insigni
1597 1486 1643 1527 P.
1671 1485 1928 1528 Chai-levoix
1952 1501 1975 1528 e
1997 1486 2076 1530 So-

542 1546 696 1589 cietate
729 1546 836 1595 lesu,
878 1561 1063 1604 eamque
1098 1545 1258 1603 publici
1295 1545 1398 1588 iuris
1434 1545 1533 1588 l'ecit
1567 1561 1651 1588 non
1688 1547 1846 1589 multos
1882 1554 1975 1604 post
2002 1563 2076 1589 an-

545 1621 622 1649 nos
655 1622 678 1649 a
711 1605 860 1649 funere
894 1606 1095 1649 Eiusdem
1134 1607 1212 1649 Dei
1246 1606 1448 1649 Famulae
1485 1606 1528 1648 id
1563 1606 1753 1649 declarat
1787 1607 1905 1650 testis
1926 1608 1985 1649 Xt
2010 1607 2076 1650 his

547 1667 705 1709 verbis:
740 1690 751 1702 «ι
783 1666 1041 1711 Charlevoix
1076 1667 1243 1709 chiama
1278 1667 1315 1709 la
1350 1667 1482 1710 Serva
1516 1666 1559 1709 di
1597 1666 1693 1716 Dio,
1732 1668 1913 1717 illustre,
1951 1667 2072 1710 eele-

551 1748 566 1766 ,
596 1729 690 1777 bre,
730 1727 765 1770 la
800 1728 961 1770 Tei-esa
996 1726 1065 1770 del
1098 1743 1175 1769 suo
1211 1727 1366 1770 secolo.
1404 1727 1494 1784 Egti
1529 1726 1624 1769 dice
1646 1727 1725 1770 che
1750 1728 1788 1770 la
1812 1728 1943 1771 storia
1970 1728 2077 1772 otti-e

550 1809 566 1826 »
597 1788 729 1845 poche
762 1788 907 1832 donne
941 1788 980 1831 le
1014 1788 1131 1845 quali
1168 1789 1201 1830 si
1238 1803 1418 1846 possano
1451 1804 1473 1830 a
1507 1796 1661 1844 queste
1685 1789 2077 1846 paragonare.Che

552 1870 568 1888 ι
597 1850 693 1892 Essa
729 1848 883 1892 merito
919 1848 1134 1906 magnifici
1170 1849 1278 1906 elegi
1312 1864 1390 1907 per
1414 1856 1533 1905 parte
1557 1847 1671 1891 delle
1696 1864 1879 1905 persone
1903 1849 1972 1892 del
1996 1865 2076 1893 suo

553 1930 569 1948 ι
601 1917 743 1967 tempo
777 1909 816 1952 le
850 1909 922 1967 piu
958 1909 1167 1953 eminenti
1206 1910 1247 1952 in
1290 1908 1472 1954 Santita.
1511 1907 1599 1952 Che
1633 1908 1722 1951 due
1762 1910 1869 1953 dotti
1916 1910 2074 1953 Prolati

552 1991 568 2008 n
600 1970 610 2012 i
646 1970 759 2029 quali
797 1986 882 2012 non
916 1985 1022 2013 sono
1056 1971 1151 2014 stati
1188 1986 1360 2027 setupre
1394 1968 1462 2012 del
1500 1969 1739 2012 medesimo
1774 1985 1925 2027 parere
1947 1986 1994 2014 su
2020 1979 2079 2014 ta-

554 2051 570 2070 »
599 2030 691 2073 luni
724 2032 922 2089 soggetti,
961 2031 994 2073 si
1029 2047 1133 2073 sono
1169 2030 1382 2074 aecordati
1407 2046 1428 2072 a
1453 2030 1723 2087 riguardarla
1746 2045 1868 2074 eome-
1894 2047 1980 2074 uno
2004 2031 2078 2075 dei

553 2112 568 2129 ι,
602 2090 675 2148 piu
709 2091 796 2135 vivi
826 2091 931 2134 lumi
968 2090 1038 2134 del
1072 2109 1149 2135 suo
1183 2092 1338 2135 secolo.
1376 2091 1463 2136 Che
1497 2090 1536 2133 la
1570 2107 1644 2134 sna
1678 2092 1820 2135 eroiea
1857 2092 1996 2144 virtu,
2037 2092 2078 2135 la

553 2172 568 2190 ι
599 2168 675 2195 sua
707 2151 911 2210 capacita,
952 2152 991 2195 la
1025 2168 1098 2196 sua
1134 2153 1382 2210 esperienza
1419 2152 1529 2195 nelle
1565 2152 1631 2195 vie
1664 2151 1708 2195 (11
1743 2152 1827 2195 Dio
1861 2153 1900 2196 la
1933 2153 2075 2196 collo-

553 2232 568 2250 n
598 2227 702 2255 cano
736 2214 802 2256 nel
841 2213 981 2270 primo
1018 2229 1149 2271 rango
1186 2223 1249 2257 tra
1282 2214 1320 2257 le
1357 2222 1540 2256 maesti-e
1573 2213 1687 2256 della
1720 2213 1807 2256 vita
1831 2213 2073 2271 spirituale.

551 2294 567 2312 ι
599 2273 673 2315 Nel
708 2273 921 2331 principio
956 2273 1026 2317 del
1061 2291 1136 2317 suo
1172 2274 1283 2317 libro
1317 2273 1574 2318 Cliarlevoix
1607 2289 1809 2324 osserva‚
1860 2275 1940 2317 elie
1985 2275 2077 2333 Egi·

555 2354 571 2373 ι
600 2333 710 2377 deve
744 2335 782 2378 la
816 2335 902 2377 vita
937 2334 1020 2378 alla
1055 2336 1188 2380 Serva
1221 2336 1263 2379 di
1300 2335 1413 2384 Dio,
1465 2351 1488 2377 e
1519 2334 1596 2378 elie
1633 2335 1723 2393 Egti
1759 2335 1895 2378 scu-ive
1929 2335 1967 2378 la
2001 2351 2078 2379 sua

556 2416 571 2433 ι»
601 2395 746 2444 storia,
785 2395 969 2438 siccome
1005 2411 1059 2438 nn
1093 2405 1378 2439 monumento
1412 2395 1454 2438 di
1493 2395 1790 2439 rieonoscenza
1832 2396 2001 2439 inverso
2037 2397 2079 2440 la

557 2476 573 2495 ι
602 2470 676 2498 sua
711 2456 1014 2500 Benel'attrice.
1054 2457 1145 2515 Egti
1181 2456 1274 2500 dice
1306 2458 1386 2501 elie
1419 2456 1499 2499 alla
1543 2471 1619 2500 sna
1671 2465 1835 2507 morte,
1888 2457 1926 2500 la
1974 2472 2079 2500 voce

557 2537 572 2555 ι
600 2516 802 2574 pubbliea
839 2517 875 2560 la
910 2518 1134 2560 eanonizzo
1172 2518 1213 2560 in
1249 2519 1343 2561 tutti
1381 2518 1390 2560 i
1427 2517 1571 2574 tuoghi
1606 2517 1719 2561 dove
1754 2517 1841 2560 Ella
1886 2533 1957 2560 era
1999 2534 2080 2561 eo-

559 2597 574 2615 »
604 2578 808 2621 noseiuta.
847 2579 932 2621 Ora
966 2578 1224 2622 Cliarlevoix
1258 2578 1520 2637 pubblieava
1556 2578 1581 2620 il
1616 2594 1693 2621 suo
1728 2578 1839 2621 libro
1875 2594 1899 2622 a
1934 2578 2075 2637 Pan-igi

558 2659 574 2676 ι
603 2638 834 2682 nell’anno
869 2639 1222 2684 millesettecento
1256 2639 1566 2697 ventiquattro,
1600 2640 1718 2697 dopo
1751 2639 1798 2683 di
1835 2655 1941 2683 aver
1976 2654 2075 2696 per-

559 2719 574 2737 ·
601 2715 720 2742 corso
754 2716 842 2758 per
865 2699 904 2742 to
938 2700 1077 2759 spazio
1110 2700 1156 2744 di
1193 2702 1280 2744 vari
1315 2701 1416 2744 anni
1451 2701 1488 2744 le
1525 2700 1714 2744 missioni
1749 2700 1819 2744 dei
1854 2700 2017 2745 Gesuiti
2054 2717 2080 2744 a

676 2820 740 2880 (⁴.)
775 2821 927 2864 summ.
961 2836 1065 2879 pay.
1106 2823 1210 2865 170.
1247 2820 1289 2880 S.
1330 2822 1433 2865 142.

675 2881 739 2941 (2)
774 2881 927 2926 Snmm.
963 2897 1064 2940 paq.
1106 2883 1212 2926 457.
1249 2883 1292 2943 S.
1331 2884 1407 2926 37.
