2664 3600
1889 272 1944 315 24

435 354 553 385 cessu
587 346 811 397 apparent,
838 346 880 383 et
903 338 1082 399 quidem
1115 338 1169 383 de
1203 348 1360 385 asserta
1384 341 1611 386 dumtaxat
1636 340 1856 386 sanatione
1878 359 1950 388 cu-

437 400 607 446 iusdam
644 400 814 458 puellae
849 408 1059 445 testantur
1093 415 1175 444 non
1209 410 1355 445 autem
1389 403 1445 446 de
1480 403 1563 447 vita
1585 436 1595 454 ,
1640 418 1690 446 ac
1722 402 1914 447 moribus
1936 438 1946 456 ,

436 469 508 506 aut
531 461 588 505 de
612 461 743 506 Fama
777 461 1021 508 sanctitatis
1044 463 1203 506 servae
1227 462 1324 505 Dei.
1350 464 1434 519 Qui
1459 463 1664 515 delectus,
1690 463 1946 509 Ordinariae

437 521 728 582 inquisitionis
764 522 953 566 valorem
986 522 1137 565 saltem
1174 522 1301 566 vatdc
1322 522 1603 574 imminuunt,
1632 525 1882 581 praesertim
1908 525 1951 569 in

436 585 571 628 Causa
605 583 646 625 in
680 599 782 640 qua⁹
804 599 881 626 ceu
908 582 1110 633 vidimus,
1145 583 1374 642 praecipua
1409 600 1488 643 per
1512 592 1637 628 testes
1660 584 1859 643 probatio
1877 602 1952 645 pe.-

440 645 557 687 nitus
590 643 878 688 desideratur.

558 704 636 747 29.
673 706 787 749 iiaec
827 705 1006 763 inquam
1055 719 1165 762 quae
1212 704 1356 749 obiter
1403 705 1572 764 attingit
1617 704 1954 750 Animadversor

438 764 634 824 egregius
666 773 871 809 corruant
909 780 1078 810 neeesse
1112 772 1174 808 cst
1206 765 1265 809 ob
1298 767 1405 811 duas
1442 766 1535 810 illas
1569 767 1799 824 praecipue
1833 783 1855 810 a
1880 783 1951 811 me

438 826 644 870 adductas
687 826 872 870 rationes
905 827 1005 886 quia
1042 825 1245 870 videlicet
1278 827 1417 884 agitur
1448 827 1504 871 de
1536 826 1813 871 Proecssibus
1858 828 1955 885 pri-

438 902 558 930 mum
594 886 636 928 in
671 886 862 945 Regione
896 886 1137 932 Cmadensi
1169 886 1390 940 coniectis,
1428 896 1556 946 atque
1582 888 1756 945 insuper
1778 889 1955 946 coquin

438 947 570 991 iidem
607 963 692 990 non
729 948 971 1005 Apostolica
1005 948 1079 992 sed
1114 948 1342 993 Ordinaria
1364 958 1463 993 sunt
1486 947 1738 991 auctoritate
1761 957 1954 992 ‹tonstru-

436 1009 510 1052 cti.
547 1007 670 1051 Unde
703 1008 870 1052 etiamsi
906 1009 1021 1054 nulia
1056 1008 1270 1067 adsignari
1306 1011 1412 1054 ratio
1447 1017 1588 1068 posset
1620 1025 1694 1051 cur
1716 1009 1899 1052 Articuli
1926 1026 1949 1053 a

439 1069 704 1113 postulatore
739 1084 822 1112 nou
858 1069 1018 1113 suerint
1049 1069 1247 1119 exhibiti,
1286 1085 1362 1113 nec
1396 1069 1725 1128 interrogatoria
1749 1070 1951 1128 specialia

439 1129 557 1182 data,
585 1144 668 1172 non
694 1137 835 1173 tamen
870 1140 1126 1188 sequeretur
1158 1129 1330 1174 nuliitas
1363 1131 1553 1189 ipsorum
1590 1131 1889 1181 processuum,
1910 1131 1955 1175 id

439 1190 557 1248 quod
595 1190 661 1234 vei
693 1191 882 1248 ipsemet
916 1190 1201 1235 Adversarius
1236 1190 1394 1235 fatetur
1427 1190 1667 1234 deciarans:
1712 1191 1957 1248 praedictos

439 1251 631 1295 desectus
663 1251 920 1295 ordinariae
954 1251 1242 1311 inquisitionis
1285 1252 1474 1295 valorem
1517 1252 1670 1294 saitem
1718 1250 1840 1294 vaide
1882 1252 1959 1294 mi-

439 1327 577 1360 nuere,
615 1326 718 1370 ergo
754 1327 807 1356 ex
840 1311 957 1356 illius
989 1312 1255 1357 consessione
1290 1313 1438 1370 positis
1461 1312 1592 1356 etiam
1615 1311 1862 1355 huiusmodi
1885 1312 1961 1355 de—

440 1371 638 1422 fectibus,
675 1377 755 1416 lioc
789 1381 932 1417 tamen
967 1389 1051 1416 non
1087 1374 1289 1417 obstante
1330 1372 1554 1432 inquisitio
1595 1387 1721 1415 suum
1763 1373 1957 1416 valorem

440 1432 638 1477 liaberet.
677 1433 803 1477 Modo
825 1433 1072 1491 singillatim
1097 1450 1206 1492 quae
1230 1434 1409 1492 opponit
1434 1432 1704 1478 adversarius
1727 1432 1953 1477 diluenda.

562 1496 638 1537 30.
676 1496 727 1538 Et
761 1494 904 1553 primo
936 1494 991 1538 ad
1024 1495 1239 1538 Artieuios
1272 1495 1389 1554 quod
1423 1495 1573 1539 attinet
1606 1508 1714 1552 quos
1749 1510 1771 1537 a
1809 1496 1962 1537 Postu-

440 1553 576 1597 iatnre
611 1555 791 1599 minime
814 1554 937 1599 datos
959 1555 1155 1614 queritur
1176 1555 1518 1600 Animadversor
1541 1563 1701 1605 noster,
1719 1554 1815 1598 dico
1839 1556 1958 1612 quod

440 1615 518 1658 etsi
552 1616 790 1660 concedere
824 1616 906 1674 ipsi
942 1617 1126 1660 velimus
1160 1632 1309 1674 reapse
1331 1617 1452 1660 datos
1475 1615 1715 1660 nullimode
1739 1614 1881 1666 fuisse,
1906 1630 1960 1659 ex

441 1676 519 1719 hoe
555 1685 698 1720 tamen
734 1692 818 1719 non
854 1685 1109 1734 sequeretur
1146 1693 1298 1721 verum
1338 1679 1502 1721 Causae
1536 1674 1871 1735 praeiudicium.
1911 1678 1960 1719 Et

442 1753 562 1787 sane,
601 1737 700 1780 latet
738 1738 959 1780 munimem
994 1738 1035 1781 in
1069 1754 1187 1781 sacro
1222 1738 1302 1782 iioc
1326 1738 1418 1781 loro
1444 1747 1660 1781 versatum
1685 1736 1802 1795 quod
1826 1737 1959 1780 omis-

442 1798 503 1840 sio
537 1799 748 1841 examinis
773 1798 947 1841 testium
970 1799 1112 1857 quoad
1137 1799 1337 1842 articulos
1360 1814 1444 1842 non
1471 1798 1597 1842 oliicit
1623 1797 1834 1840 validitati
1857 1799 1963 1840 Pro-

440 1874 581 1902 cessus
614 1859 687 1918 qui
723 1858 962 1917 legittimus
995 1860 1204 1903 retinetur
1236 1860 1404 1904 ctimnsi
1442 1868 1567 1903 testes
1601 1873 1734 1915 super
1755 1858 1966 1902 Articulis

443 1935 527 1962 non
563 1919 723 1963 fuerint
758 1920 914 1977 rogati.
950 1922 1058 1979 Ergo
1081 1936 1133 1964 ex
1156 1921 1234 1964 hec
1258 1929 1373 1978 patet
1396 1920 1514 1979 quod
1537 1918 1715 1963 Articuli
1741 1934 1829 1961 nou
1850 1919 1965 1962 adeo

443 1980 583 2037 gravis
619 1981 827 2025 momenti
861 1996 952 2025 esse
987 1981 1191 2025 videntur
1225 1989 1272 2025 ut
1305 1983 1396 2025 sine
1428 1981 1509 2024 iilis
1542 1979 1745 2024 exhibitis
1779 1979 1849 2023 vei
1892 1979 1968 2022 in-

445 2041 736 2099 terrogatione
768 2057 899 2099 super
932 2042 1113 2092 eisdem,
1135 2045 1359 2086 processus
1395 2041 1565 2085 validus>
1584 2055 1677 2085 esse
1700 2055 1784 2083 non
1810 2040 1959 2098 possit.

443 2102 671 2145 Praeterea
705 2101 867 2146 adnoto
899 2104 1015 2162 quod
1048 2103 1227 2147 Articuli
1262 2102 1349 2147 dati
1388 2103 1443 2147 de
1478 2102 1585 2146 [aeto
1625 2117 1649 2145 a
1690 2101 1962 2146 i‘ostuiatore

441 2171 539 2206 sunt
574 2163 673 2206 licet
707 2163 951 2207 t'ostutatou·
983 2172 1026 2208 et
1060 2164 1224 2208 iudices
1260 2180 1344 2208 non
1382 2162 1729 2208 existimaverint
1773 2162 1816 2204 in
1858 2163 1966 2205 Pro-

442 2223 632 2267 cessibus
665 2224 839 2267 eosdem
873 2239 966 2268 esse
1000 2225 1268 2269 inserendos.
1310 2226 1439 2280 Quod
1476 2223 1584 2268 adeo
1620 2237 1767 2267 verum
1802 2231 1887 2274 est,
1918 2231 1963 2266 ut

443 2299 522 2341 ego
557 2285 648 2342 ipse
682 2285 775 2328 illos
807 2285 1173 2337 coneinmworim,
1211 2295 1341 2344 atque
1373 2287 1428 2331 ad
1462 2285 1677 2329 civitatem
1702 2284 1967 2338 Quebccen-

442 2359 533 2388 scm
576 2360 649 2388 eos
690 2346 882 2389 miserim
905 2379 915 2396 ‚
952 2355 1083 2406 atque
1116 2347 1342 2406 epistolam
1378 2346 1498 2405 apud
1531 2362 1600 2390 me
1635 2345 1843 2389 retineam
1877 2361 1964 2404 qua

443 2406 739 2460 Quebecensis
788 2406 1145 2466 Arclniepiscopus
1194 2407 1373 2452 eosdem
1420 2423 1465 2451 se
1512 2406 1721 2465 recepisse
1769 2415 1961 2450 accusat.

444 2467 595 2510 Relate
631 2482 731 2511 vero
765 2467 819 2511 ad
855 2468 1187 2527 interrogatoria
1219 2468 1527 2513 animadvertit
1548 2470 1710 2513 Censor
1742 2466 1961 2526 egregius,

442 2526 561 2586 quod
593 2536 637 2571 et
669 2527 761 2586 ipsa
796 2528 1013 2580 deficiant,
1037 2537 1082 2573 et
1104 2546 1155 2573 ea
1185 2545 1298 2588 quae
1330 2546 1356 2574 a
1388 2532 1641 2574 Promotore
1673 2527 1819 2573 Fiseali
1844 2528 1968 2571 cxlii-

443 2587 535 2632 bita
569 2605 616 2633 ac
649 2588 749 2634 data
781 2599 879 2633 sunt
912 2591 1130 2649 appellare
1154 2606 1241 2634 non
1264 2590 1436 2635 dubitat
1460 2590 1723 2650 suggestivas
1750 2589 1964 2650 quasdam

444 2649 717 2708 quaestiones
753 2651 935 2695 testibus
968 2651 1208 2695 inconsulto·
1242 2652 1504 2710 propositas.

567 2710 642 2755 3‘l.
680 2711 791 2755 iiuic
824 2728 956 2770 porro
987 2712 1224 2758 difficultati
1261 2728 1472 2771 reponens
1504 2712 1619 2763 dico,
1653 2712 1769 2771 quod
1802 2727 1964 2770 suppo-

443 2770 550 2815 sitae
583 2772 682 2817 illae
714 2773 774 2817 ab
809 2774 1068 2818 Adversario
1102 2774 1375 2833 suggestivae
1409 2773 1628 2835 queniam
1663 2772 1963 2832 qttates'iotteS,

448 2832 632 2877 testibus
665 2834 905 2879 inconsulto
939 2835 1183 2893 propositae
1216 2850 1305 2878 non
1330 2835 1431 2879 talia
1455 2850 1605 2893 reapse
1626 2843 1742 2885 sunt,
1763 2834 1837 2877 sed
1863 2849 1967 2876 vera

448 2892 780 2954 interrogatoria
813 2896 911 2941 licet
947 2895 987 2940 in
1021 2896 1137 2940 calce
1170 2898 1410 2949 Processus,
1449 2897 1509 2940 uti
1533 2895 1665 2940 moris
1688 2903 1768 2944 est,
1795 2910 1883 2939 non
1903 2894 1969 2937 iu-
