<?xml version="1.0" encoding="UTF-8"?>
<!DOCTYPE html PUBLIC "-//W3C//DTD XHTML 1.0 Transitional//EN"
    "http://www.w3.org/TR/xhtml1/DTD/xhtml1-transitional.dtd">
<html xmlns="http://www.w3.org/1999/xhtml" xml:lang="en" lang="en">
 <head>
  <title>
</title>
<meta http-equiv="Content-Type" content="text/html;charset=utf-8" />
  <meta name='ocr-system' content='tesseract 3.04.00' />
  <meta name='ocr-capabilities' content='ocr_page ocr_carea ocr_par ocr_line ocrx_word'/>
</head>
<body>
  <div class='ocr_page' id='page_1' title='image "./cihm_27111_0448.png"; bbox 0 0 2664 3584; ppageno 0'>
   <div class='ocr_carea' id='block_1_1' title="bbox 0 250 2390 427">
    <p class='ocr_par' dir='ltr' id='par_1_1' title="bbox 0 250 2390 427">
     <span class='ocr_line' id='line_1_1' title="bbox 0 250 2390 427; baseline 0 -102"><span class='ocrx_word' id='word_1_1' title='bbox 0 326 164 427; x_wconf 95' lang='lat' dir='ltr'><strong> </strong></span> <span class='ocrx_word' id='word_1_2' title='bbox 2378 250 2390 326; x_wconf 95' lang='lat' dir='ltr'><strong>  </strong></span> 
     </span>
    </p>
   </div>
   <div class='ocr_carea' id='block_1_2' title="bbox 0 236 674 326">
    <p class='ocr_par' dir='ltr' id='par_1_2' title="bbox 0 236 674 326">
     <span class='ocr_line' id='line_1_2' title="bbox 0 236 674 326; baseline 0.012 -8"><span class='ocrx_word' id='word_1_3' title='bbox 0 236 674 326; x_wconf 95' lang='lat' dir='ltr'><strong>   </strong></span> 
     </span>
    </p>
   </div>
   <div class='ocr_carea' id='block_1_3' title="bbox 674 258 1703 307">
    <p class='ocr_par' dir='ltr' id='par_1_3' title="bbox 674 258 1703 307">
     <span class='ocr_line' id='line_1_3' title="bbox 674 258 1703 307; baseline 0.005 -5"><span class='ocrx_word' id='word_1_4' title='bbox 674 258 735 302; x_wconf 72' lang='lat'><strong>54</strong></span> <span class='ocrx_word' id='word_1_5' title='bbox 1145 269 1395 306; x_wconf 65' lang='lat' dir='ltr'><strong>scammum</strong></span> <span class='ocrx_word' id='word_1_6' title='bbox 1426 274 1703 307; x_wconf 71' lang='lat' dir='ltr'><strong>mot-nomm:</strong></span> 
     </span>
    </p>
   </div>
   <div class='ocr_carea' id='block_1_4' title="bbox 674 345 2180 464">
    <p class='ocr_par' dir='ltr' id='par_1_4' title="bbox 674 345 2180 464">
     <span class='ocr_line' id='line_1_4' title="bbox 674 345 2180 400; baseline 0.007 -12"><span class='ocrx_word' id='word_1_7' title='bbox 674 345 884 390; x_wconf 88' lang='lat' dir='ltr'><strong>stulamus</strong></span> <span class='ocrx_word' id='word_1_8' title='bbox 917 353 962 389; x_wconf 89' lang='lat' dir='ltr'><strong>ut</strong></span> <span class='ocrx_word' id='word_1_9' title='bbox 995 345 1203 390; x_wconf 73' lang='lat' dir='ltr'>Sanctitas</span> <span class='ocrx_word' id='word_1_10' title='bbox 1236 347 1384 391; x_wconf 90' lang='lat' dir='ltr'><strong>Vestra</strong></span> <span class='ocrx_word' id='word_1_11' title='bbox 1415 363 1586 392; x_wconf 85' lang='lat' dir='ltr'><strong>causam</strong></span> <span class='ocrx_word' id='word_1_12' title='bbox 1621 349 1956 396; x_wconf 87' lang='lat' dir='ltr'><strong>Beatilicationis</strong></span> <span class='ocrx_word' id='word_1_13' title='bbox 1989 354 2180 400; x_wconf 82' lang='lat' dir='ltr'><strong>eiusdem</strong></span> 
     </span>
     <span class='ocr_line' id='line_1_5' title="bbox 676 405 1388 464; baseline 0.003 -15"><span class='ocrx_word' id='word_1_14' title='bbox 676 406 835 450; x_wconf 86' lang='lat' dir='ltr'><strong>sororis</strong></span> <span class='ocrx_word' id='word_1_15' title='bbox 869 405 1140 451; x_wconf 85' lang='lat' dir='ltr'><strong>introducere</strong></span> <span class='ocrx_word' id='word_1_16' title='bbox 1170 405 1388 464; x_wconf 73' lang='lat' dir='ltr'><strong>dignetur.</strong></span> 
     </span>
    </p>
   </div>
   <div class='ocr_carea' id='block_1_5' title="bbox 1039 496 1512 550">
    <p class='ocr_par' dir='ltr' id='par_1_5' title="bbox 1039 496 1512 550">
     <span class='ocr_line' id='line_1_6' title="bbox 1039 496 1512 550; baseline 0.002 -9"><span class='ocrx_word' id='word_1_17' title='bbox 1039 496 1285 541; x_wconf 87' lang='lat' dir='ltr'><strong>Sanctitatis</strong></span> <span class='ocrx_word' id='word_1_18' title='bbox 1318 499 1512 550; x_wconf 79' lang='lat' dir='ltr'><strong>Vestrae,</strong></span> 
     </span>
    </p>
   </div>
   <div class='ocr_carea' id='block_1_6' title="bbox 0 493 2388 667">
    <p class='ocr_par' dir='ltr' id='par_1_6' title="bbox 0 493 2388 667">
     <span class='ocr_line' id='line_1_7' title="bbox 0 493 2388 667; baseline 0 -90"><span class='ocrx_word' id='word_1_19' title='bbox 0 577 1161 667; x_wconf 95' lang='lat' dir='ltr'><strong> </strong></span> <span class='ocrx_word' id='word_1_20' title='bbox 2375 493 2388 577; x_wconf 95' lang='lat' dir='ltr'><strong> </strong></span> 
     </span>
    </p>
   </div>
   <div class='ocr_carea' id='block_1_7' title="bbox 1161 586 1593 640">
    <p class='ocr_par' dir='ltr' id='par_1_7' title="bbox 1161 586 1593 640">
     <span class='ocr_line' id='line_1_8' title="bbox 1161 586 1593 640; baseline 0.002 -9"><span class='ocrx_word' id='word_1_21' title='bbox 1161 586 1415 631; x_wconf 75' lang='lat' dir='ltr'><strong>Beatissimo</strong></span> <span class='ocrx_word' id='word_1_22' title='bbox 1447 590 1593 640; x_wconf 90' lang='lat' dir='ltr'><strong>Pater,</strong></span> 
     </span>
    </p>
   </div>
   <div class='ocr_carea' id='block_1_8' title="bbox 0 577 2387 862">
    <p class='ocr_par' dir='ltr' id='par_1_8' title="bbox 0 577 2387 862">
     <span class='ocr_line' id='line_1_9' title="bbox 1593 577 2387 667; baseline 0 2917"><span class='ocrx_word' id='word_1_23' title='bbox 1593 577 2387 667; x_wconf 95' lang='lat' dir='ltr'><strong> </strong></span> 
     </span>
     <span class='ocr_line' id='line_1_10' title="bbox 0 667 2387 862; baseline 0 -77"><span class='ocrx_word' id='word_1_24' title='bbox 0 667 2387 862; x_wconf 95' lang='lat' dir='ltr'><strong>    </strong></span> 
     </span>
    </p>
   </div>
   <div class='ocr_carea' id='block_1_9' title="bbox 2155 684 2386 785">
    <p class='ocr_par' dir='ltr' id='par_1_9' title="bbox 2155 684 2386 785">
     <span class='ocr_line' id='line_1_11' title="bbox 2155 684 2386 785; baseline 0 0"><span class='ocrx_word' id='word_1_25' title='bbox 2155 684 2386 785; x_wconf 95' lang='lat' dir='ltr'><strong>  </strong></span> 
     </span>
    </p>
   </div>
   <div class='ocr_carea' id='block_1_10' title="bbox 1237 709 2177 831">
    <p class='ocr_par' dir='ltr' id='par_1_10' title="bbox 1237 709 2177 831">
     <span class='ocr_line' id='line_1_12' title="bbox 1354 709 2155 760; baseline 0.009 -8"><span class='ocrx_word' id='word_1_26' title='bbox 1354 709 1634 754; x_wconf 69' lang='lat' dir='ltr'><strong>numillimus</strong></span> <span class='ocrx_word' id='word_1_27' title='bbox 1656 719 1700 754; x_wconf 89' lang='lat' dir='ltr'><strong>ct</strong></span> <span class='ocrx_word' id='word_1_28' title='bbox 1721 710 2020 758; x_wconf 87' lang='lat' dir='ltr'><strong>devotissimus</strong></span> <span class='ocrx_word' id='word_1_29' title='bbox 2043 713 2155 760; x_wconf 80' lang='lat' dir='ltr'><strong>fitius</strong></span> 
     </span>
     <span class='ocr_line' id='line_1_13' title="bbox 1237 769 2177 831; baseline 0.01 -19"><span class='ocrx_word' id='word_1_30' title='bbox 1237 769 1274 830; x_wconf 80' lang='lat'><em>†</em></span> <span class='ocrx_word' id='word_1_31' title='bbox 1336 770 1517 814; x_wconf 82' lang='lat' dir='ltr'><strong>Ioannes</strong></span> <span class='ocrx_word' id='word_1_32' title='bbox 1549 771 1696 824; x_wconf 82' lang='lat' dir='ltr'><strong>Maria,</strong></span> <span class='ocrx_word' id='word_1_33' title='bbox 1734 772 1874 831; x_wconf 88' lang='lat' dir='ltr'><strong>Epise.</strong></span> <span class='ocrx_word' id='word_1_34' title='bbox 1911 775 2177 821; x_wconf 76' lang='lat' dir='ltr'><strong>venetensis.</strong></span> 
     </span>
    </p>
   </div>
   <div class='ocr_carea' id='block_1_11' title="bbox 0 785 2385 1062">
    <p class='ocr_par' dir='ltr' id='par_1_11' title="bbox 0 785 2385 1062">
     <span class='ocr_line' id='line_1_14' title="bbox 0 785 2385 927; baseline 0 -65"><span class='ocrx_word' id='word_1_35' title='bbox 0 785 2385 927; x_wconf 95' lang='lat' dir='ltr'><strong>  </strong></span> 
     </span>
     <span class='ocr_line' id='line_1_15' title="bbox 0 927 2383 1062; baseline 0 -31"><span class='ocrx_word' id='word_1_36' title='bbox 0 927 2381 1062; x_wconf 95' lang='lat' dir='ltr'><strong>   </strong></span> <span class='ocrx_word' id='word_1_37' title='bbox 1492 927 2383 1031; x_wconf 95' lang='lat' dir='ltr'><strong> </strong></span> 
     </span>
    </p>
   </div>
   <div class='ocr_carea' id='block_1_12' title="bbox 1020 953 1492 1005">
    <p class='ocr_par' dir='ltr' id='par_1_12' title="bbox 1020 953 1492 1005">
     <span class='ocr_line' id='line_1_16' title="bbox 1020 953 1492 1005; baseline 0 -1"><span class='ocrx_word' id='word_1_38' title='bbox 1020 953 1308 1005; x_wconf 77' lang='lat' dir='ltr'><strong>Beatissime</strong></span> <span class='ocrx_word' id='word_1_39' title='bbox 1344 953 1492 1005; x_wconf 85' lang='lat' dir='ltr'><strong>Pater</strong></span> 
     </span>
    </p>
   </div>
   <div class='ocr_carea' id='block_1_13' title="bbox 0 1044 2380 1151">
    <p class='ocr_par' dir='ltr' id='par_1_13' title="bbox 0 1044 2380 1151">
     <span class='ocr_line' id='line_1_17' title="bbox 0 1044 2380 1151; baseline 0 -89"><span class='ocrx_word' id='word_1_40' title='bbox 0 1062 160 1151; x_wconf 95' lang='lat' dir='ltr'><strong> </strong></span> <span class='ocrx_word' id='word_1_41' title='bbox 2183 1044 2380 1062; x_wconf 95' lang='lat' dir='ltr'><strong> </strong></span> 
     </span>
    </p>
   </div>
   <div class='ocr_carea' id='block_1_14' title="bbox 255 1074 2186 2044">
    <p class='ocr_par' dir='ltr' id='par_1_14' title="bbox 255 1074 2185 1435">
     <span class='ocr_line' id='line_1_18' title="bbox 348 1074 2183 1134; baseline 0.001 -15"><span class='ocrx_word' id='word_1_42' title='bbox 348 1087 478 1129; x_wconf 73' lang='lat' dir='ltr'><strong>Num,</strong></span> <span class='ocrx_word' id='word_1_43' title='bbox 508 1084 583 1128; x_wconf 74' lang='grc' dir='ltr'><strong>Μ,</strong></span> <span class='ocrx_word' id='word_1_44' title='bbox 793 1074 1055 1134; x_wconf 76' lang='lat' dir='ltr'><strong>infrascripti</strong></span> <span class='ocrx_word' id='word_1_45' title='bbox 1088 1076 1243 1121; x_wconf 84' lang='lat' dir='ltr'><strong>Rector</strong></span> <span class='ocrx_word' id='word_1_46' title='bbox 1272 1083 1316 1118; x_wconf 86' lang='lat' dir='ltr'><strong>et</strong></span> <span class='ocrx_word' id='word_1_47' title='bbox 1348 1075 1583 1120; x_wconf 73' lang='lat' dir='ltr'><strong>directores</strong></span> <span class='ocrx_word' id='word_1_48' title='bbox 1626 1075 1796 1119; x_wconf 79' lang='lat' dir='ltr'><strong>Maioris</strong></span> <span class='ocrx_word' id='word_1_49' title='bbox 1837 1075 2066 1121; x_wconf 82' lang='lat' dir='ltr'><strong>Seminarii</strong></span> <span class='ocrx_word' id='word_1_50' title='bbox 2100 1077 2183 1121; x_wconf 90' lang='lat' dir='ltr'><strong>Ve-</strong></span> 
     </span>
     <span class='ocr_line' id='line_1_19' title="bbox 290 1135 2185 1202; baseline 0.001 -22"><span class='ocrx_word' id='word_1_51' title='bbox 290 1145 481 1202; x_wconf 66' lang='lat' dir='ltr'><strong>Episwla</strong></span> <span class='ocrx_word' id='word_1_52' title='bbox 503 1145 639 1188; x_wconf 61' lang='lat' dir='ltr'><strong>Recto.</strong></span> <span class='ocrx_word' id='word_1_53' title='bbox 671 1137 884 1189; x_wconf 80' lang='lat' dir='ltr'><strong>netensis,</strong></span> <span class='ocrx_word' id='word_1_54' title='bbox 921 1137 964 1181; x_wconf 91' lang='lat' dir='ltr'><strong>in</strong></span> <span class='ocrx_word' id='word_1_55' title='bbox 997 1136 1217 1180; x_wconf 74' lang='lat' dir='ltr'><strong>Britannia</strong></span> <span class='ocrx_word' id='word_1_56' title='bbox 1247 1135 1432 1187; x_wconf 84' lang='lat' dir='ltr'><strong>Minori,</strong></span> <span class='ocrx_word' id='word_1_57' title='bbox 1469 1136 1524 1180; x_wconf 88' lang='lat' dir='ltr'><strong>ad</strong></span> <span class='ocrx_word' id='word_1_58' title='bbox 1558 1136 1691 1193; x_wconf 85' lang='lat' dir='ltr'><strong>pedes</strong></span> <span class='ocrx_word' id='word_1_59' title='bbox 1733 1136 1974 1181; x_wconf 86' lang='lat' dir='ltr'><strong>Sanctitatis</strong></span> <span class='ocrx_word' id='word_1_60' title='bbox 2007 1139 2185 1182; x_wconf 76' lang='lat' dir='ltr'><strong>Vestrae</strong></span> 
     </span>
     <span class='ocr_line' id='line_1_20' title="bbox 255 1196 2185 1255; baseline -0.004 -7"><span class='ocrx_word' id='word_1_61' title='bbox 255 1207 636 1249; x_wconf 72' lang='lat' dir='ltr'><strong>risotDireceormn</strong></span> <span class='ocrx_word' id='word_1_62' title='bbox 670 1197 913 1255; x_wconf 81' lang='lat' dir='ltr'><strong>provoluti,</strong></span> <span class='ocrx_word' id='word_1_63' title='bbox 951 1211 1098 1255; x_wconf 82' lang='lat' dir='ltr'>preces</span> <span class='ocrx_word' id='word_1_64' title='bbox 1129 1211 1226 1241; x_wconf 87' lang='lat' dir='ltr'><strong>suas</strong></span> <span class='ocrx_word' id='word_1_65' title='bbox 1260 1196 1463 1254; x_wconf 87' lang='lat' dir='ltr'><strong>precibus</strong></span> <span class='ocrx_word' id='word_1_66' title='bbox 1495 1196 1744 1241; x_wconf 83' lang='lat' dir='ltr'><strong>Monialium</strong></span> <span class='ocrx_word' id='word_1_67' title='bbox 1778 1213 1801 1240; x_wconf 90' lang='lat' dir='ltr'><strong>a</strong></span> <span class='ocrx_word' id='word_1_68' title='bbox 1835 1198 1881 1242; x_wconf 89' lang='lat' dir='ltr'><strong>S.</strong></span> <span class='ocrx_word' id='word_1_69' title='bbox 1917 1197 2070 1240; x_wconf 86' lang='lat' dir='ltr'><strong>Ursula</strong></span> <span class='ocrx_word' id='word_1_70' title='bbox 2092 1213 2185 1241; x_wconf 90' lang='lat' dir='ltr'><strong>cor-</strong></span> 
     </span>
     <span class='ocr_line' id='line_1_21' title="bbox 257 1255 2184 1315; baseline -0.001 -13"><span class='ocrx_word' id='word_1_71' title='bbox 257 1266 437 1309; x_wconf 64' lang='lat' dir='ltr'><strong>Maioris</strong></span> <span class='ocrx_word' id='word_1_72' title='bbox 458 1265 639 1309; x_wconf 61' lang='lat' dir='ltr'><strong>Semina-</strong></span> <span class='ocrx_word' id='word_1_73' title='bbox 671 1258 725 1302; x_wconf 76' lang='lat' dir='ltr'><strong>de</strong></span> <span class='ocrx_word' id='word_1_74' title='bbox 759 1258 1051 1301; x_wconf 89' lang='lat' dir='ltr'><strong>volentissimo</strong></span> <span class='ocrx_word' id='word_1_75' title='bbox 1084 1256 1342 1315; x_wconf 73' lang='lat' dir='ltr'><strong>adiungunt,</strong></span> <span class='ocrx_word' id='word_1_76' title='bbox 1382 1265 1429 1301; x_wconf 90' lang='lat' dir='ltr'><strong>ut</strong></span> <span class='ocrx_word' id='word_1_77' title='bbox 1460 1272 1631 1301; x_wconf 88' lang='lat' dir='ltr'><strong>causam</strong></span> <span class='ocrx_word' id='word_1_78' title='bbox 1666 1255 1998 1301; x_wconf 81' lang='lat' dir='ltr'><strong>beatificationis</strong></span> <span class='ocrx_word' id='word_1_79' title='bbox 2021 1257 2184 1301; x_wconf 79' lang='lat' dir='ltr'><strong>Mariae</strong></span> 
     </span>
     <span class='ocr_line' id='line_1_22' title="bbox 257 1317 2182 1377; baseline 0.001 -16"><span class='ocrx_word' id='word_1_80' title='bbox 257 1326 320 1369; x_wconf 60' lang='grc' dir='ltr'><strong>νὴ·</strong></span> <span class='ocrx_word' id='word_1_81' title='bbox 340 1326 591 1370; x_wconf 50' lang='lat' dir='ltr'><strong>Ifenpaeensis,</strong></span> <span class='ocrx_word' id='word_1_82' title='bbox 672 1317 860 1376; x_wconf 75' lang='lat' dir='ltr'><strong>Guyarul,</strong></span> <span class='ocrx_word' id='word_1_83' title='bbox 899 1318 942 1361; x_wconf 92' lang='lat' dir='ltr'><strong>in</strong></span> <span class='ocrx_word' id='word_1_84' title='bbox 977 1317 1181 1376; x_wconf 82' lang='lat' dir='ltr'><strong>religione</strong></span> <span class='ocrx_word' id='word_1_85' title='bbox 1214 1318 1375 1361; x_wconf 76' lang='lat' dir='ltr'><strong>Mariae</strong></span> <span class='ocrx_word' id='word_1_86' title='bbox 1406 1318 1711 1361; x_wconf 78' lang='lat' dir='ltr'><strong>Incarnatiom‘s</strong></span> <span class='ocrx_word' id='word_1_87' title='bbox 1736 1326 2021 1377; x_wconf 76' lang='lat' dir='ltr'><strong>nuncupatae,</strong></span> <span class='ocrx_word' id='word_1_88' title='bbox 2050 1318 2182 1362; x_wconf 87' lang='lat' dir='ltr'><strong>intro-</strong></span> 
     </span>
     <span class='ocr_line' id='line_1_23' title="bbox 672 1378 1085 1435; baseline -0.005 -12"><span class='ocrx_word' id='word_1_89' title='bbox 672 1378 835 1423; x_wconf 79' lang='lat' dir='ltr'><strong>ducere</strong></span> <span class='ocrx_word' id='word_1_90' title='bbox 867 1378 1085 1435; x_wconf 74' lang='lat' dir='ltr'><strong>dignetur.</strong></span> 
     </span>
    </p>

    <p class='ocr_par' dir='ltr' id='par_1_15' title="bbox 673 1438 2186 1861">
     <span class='ocr_line' id='line_1_24' title="bbox 794 1438 2186 1498; baseline 0.001 -16"><span class='ocrx_word' id='word_1_91' title='bbox 794 1439 920 1483; x_wconf 69' lang='lat' dir='ltr'><strong>&#39;l&#39;alcs</strong></span> <span class='ocrx_word' id='word_1_92' title='bbox 953 1439 1137 1483; x_wconf 83' lang='lat' dir='ltr'><strong>honores</strong></span> <span class='ocrx_word' id='word_1_93' title='bbox 1180 1453 1348 1482; x_wconf 88' lang='lat' dir='ltr'><strong>merere</strong></span> <span class='ocrx_word' id='word_1_94' title='bbox 1381 1438 1553 1483; x_wconf 87' lang='lat' dir='ltr'><strong>videtur</strong></span> <span class='ocrx_word' id='word_1_95' title='bbox 1585 1439 1689 1483; x_wconf 87' lang='lat' dir='ltr'><strong>haec</strong></span> <span class='ocrx_word' id='word_1_96' title='bbox 1720 1439 1877 1483; x_wconf 90' lang='lat' dir='ltr'><strong>mulier</strong></span> <span class='ocrx_word' id='word_1_97' title='bbox 1923 1438 2042 1492; x_wconf 81' lang='lat' dir='ltr'><strong>sortis</strong></span> <span class='ocrx_word' id='word_1_98' title='bbox 2073 1454 2186 1498; x_wconf 85' lang='lat' dir='ltr'><strong>quae</strong></span> 
     </span>
     <span class='ocr_line' id='line_1_25' title="bbox 674 1499 2186 1557; baseline -0.001 -13"><span class='ocrx_word' id='word_1_99' title='bbox 674 1509 764 1544; x_wconf 89' lang='lat' dir='ltr'><strong>tum</strong></span> <span class='ocrx_word' id='word_1_100' title='bbox 800 1500 842 1543; x_wconf 93' lang='lat' dir='ltr'><strong>in</strong></span> <span class='ocrx_word' id='word_1_101' title='bbox 874 1499 1059 1551; x_wconf 86' lang='lat' dir='ltr'><strong>saeculo,</strong></span> <span class='ocrx_word' id='word_1_102' title='bbox 1098 1508 1188 1543; x_wconf 88' lang='lat' dir='ltr'><strong>tum</strong></span> <span class='ocrx_word' id='word_1_103' title='bbox 1224 1499 1265 1543; x_wconf 91' lang='lat' dir='ltr'><strong>in</strong></span> <span class='ocrx_word' id='word_1_104' title='bbox 1298 1508 1409 1544; x_wconf 88' lang='lat' dir='ltr'><strong>statu</strong></span> <span class='ocrx_word' id='word_1_105' title='bbox 1445 1499 1644 1557; x_wconf 81' lang='lat' dir='ltr'><strong>religioso</strong></span> <span class='ocrx_word' id='word_1_106' title='bbox 1689 1500 1819 1543; x_wconf 88' lang='lat' dir='ltr'><strong>tantis</strong></span> <span class='ocrx_word' id='word_1_107' title='bbox 1853 1500 2081 1544; x_wconf 90' lang='lat' dir='ltr'><strong>virtutibus</strong></span> <span class='ocrx_word' id='word_1_108' title='bbox 2113 1515 2186 1543; x_wconf 78' lang='lat' dir='ltr'><strong>ex-</strong></span> 
     </span>
     <span class='ocr_line' id='line_1_26' title="bbox 673 1559 2178 1620; baseline -0.002 -15"><span class='ocrx_word' id='word_1_109' title='bbox 673 1560 837 1605; x_wconf 87' lang='lat' dir='ltr'><strong>celluit.</strong></span> <span class='ocrx_word' id='word_1_110' title='bbox 872 1560 1065 1605; x_wconf 83' lang='lat' dir='ltr'><strong>Orationi</strong></span> <span class='ocrx_word' id='word_1_111' title='bbox 1113 1559 1260 1605; x_wconf 86' lang='lat' dir='ltr'><strong>dedita</strong></span> <span class='ocrx_word' id='word_1_112' title='bbox 1281 1593 1292 1611; x_wconf 91' lang='lat'>‚</span> <span class='ocrx_word' id='word_1_113' title='bbox 1327 1560 1570 1604; x_wconf 87' lang='lat' dir='ltr'><strong>humilitate</strong></span> <span class='ocrx_word' id='word_1_114' title='bbox 1604 1569 1648 1604; x_wconf 92' lang='lat' dir='ltr'><strong>et</strong></span> <span class='ocrx_word' id='word_1_115' title='bbox 1692 1561 1900 1620; x_wconf 83' lang='lat' dir='ltr'><strong>patientia</strong></span> <span class='ocrx_word' id='word_1_116' title='bbox 1938 1560 2147 1605; x_wconf 87' lang='lat' dir='ltr'><strong>mirabilis</strong></span> <span class='ocrx_word' id='word_1_117' title='bbox 2168 1594 2178 1611; x_wconf 91' lang='lat'><strong>,</strong></span> 
     </span>
     <span class='ocr_line' id='line_1_27' title="bbox 674 1620 2182 1672; baseline -0.002 -6"><span class='ocrx_word' id='word_1_118' title='bbox 674 1621 882 1666; x_wconf 82' lang='lat' dir='ltr'><strong>charitate</strong></span> <span class='ocrx_word' id='word_1_119' title='bbox 915 1621 1181 1672; x_wconf 79' lang='lat' dir='ltr'><strong>fervescens,</strong></span> <span class='ocrx_word' id='word_1_120' title='bbox 1219 1621 1442 1664; x_wconf 87' lang='lat' dir='ltr'><strong>uberiores</strong></span> <span class='ocrx_word' id='word_1_121' title='bbox 1476 1621 1639 1665; x_wconf 87' lang='lat' dir='ltr'><strong>l&#39;ructus</strong></span> <span class='ocrx_word' id='word_1_122' title='bbox 1671 1620 1980 1666; x_wconf 73' lang='lat' dir='ltr'><strong>aedificationis</strong></span> <span class='ocrx_word' id='word_1_123' title='bbox 2011 1620 2182 1665; x_wconf 80' lang='lat' dir='ltr'><strong>el&#39;l&#39;udit.</strong></span> 
     </span>
     <span class='ocr_line' id='line_1_28' title="bbox 675 1681 2182 1740; baseline -0.001 -14"><span class='ocrx_word' id='word_1_124' title='bbox 675 1681 931 1726; x_wconf 72' lang='lat' dir='ltr'><strong>Tenen-rimo</strong></span> <span class='ocrx_word' id='word_1_125' title='bbox 963 1697 1064 1740; x_wconf 81' lang='lat' dir='ltr'><strong>erga</strong></span> <span class='ocrx_word' id='word_1_126' title='bbox 1105 1682 1439 1726; x_wconf 87' lang='lat' dir='ltr'><strong>sacratissimum</strong></span> <span class='ocrx_word' id='word_1_127' title='bbox 1472 1697 1546 1725; x_wconf 91' lang='lat' dir='ltr'><strong>cor</strong></span> <span class='ocrx_word' id='word_1_128' title='bbox 1579 1684 1672 1726; x_wconf 87' lang='lat' dir='ltr'><strong>lesu</strong></span> <span class='ocrx_word' id='word_1_129' title='bbox 1725 1682 1973 1740; x_wconf 87' lang='lat' dir='ltr'><strong>rapiebatur</strong></span> <span class='ocrx_word' id='word_1_130' title='bbox 2017 1696 2182 1725; x_wconf 90' lang='lat' dir='ltr'><strong>amore.</strong></span> 
     </span>
     <span class='ocr_line' id='line_1_29' title="bbox 675 1741 2185 1801; baseline -0.001 -15"><span class='ocrx_word' id='word_1_131' title='bbox 675 1742 914 1786; x_wconf 89' lang='lat' dir='ltr'><strong>Permultas</strong></span> <span class='ocrx_word' id='word_1_132' title='bbox 945 1742 1113 1801; x_wconf 87' lang='lat' dir='ltr'><strong>scripsit</strong></span> <span class='ocrx_word' id='word_1_133' title='bbox 1143 1741 1344 1801; x_wconf 82' lang='lat' dir='ltr'><strong>epistolas</strong></span> <span class='ocrx_word' id='word_1_134' title='bbox 1376 1743 1607 1786; x_wconf 88' lang='lat' dir='ltr'><strong>coelestem</strong></span> <span class='ocrx_word' id='word_1_135' title='bbox 1634 1743 1837 1801; x_wconf 85' lang='lat' dir='ltr'><strong>pietatem</strong></span> <span class='ocrx_word' id='word_1_136' title='bbox 1861 1742 2087 1801; x_wconf 86' lang='lat' dir='ltr'><strong>spirantes.</strong></span> <span class='ocrx_word' id='word_1_137' title='bbox 2109 1744 2185 1785; x_wconf 88' lang='lat' dir='ltr'><strong>Ar-</strong></span> 
     </span>
     <span class='ocr_line' id='line_1_30' title="bbox 674 1802 2185 1861; baseline -0.001 -14"><span class='ocrx_word' id='word_1_138' title='bbox 674 1803 795 1847; x_wconf 84' lang='lat' dir='ltr'><strong>denti</strong></span> <span class='ocrx_word' id='word_1_139' title='bbox 829 1802 918 1845; x_wconf 89' lang='lat' dir='ltr'><strong>zclo</strong></span> <span class='ocrx_word' id='word_1_140' title='bbox 962 1802 1144 1861; x_wconf 76' lang='lat' dir='ltr'><strong>flagrans</strong></span> <span class='ocrx_word' id='word_1_141' title='bbox 1165 1835 1175 1854; x_wconf 92' lang='lat'><strong>,</strong></span> <span class='ocrx_word' id='word_1_142' title='bbox 1211 1802 1437 1847; x_wconf 87' lang='lat' dir='ltr'><strong>animabus</strong></span> <span class='ocrx_word' id='word_1_143' title='bbox 1469 1803 1689 1847; x_wconf 87' lang='lat' dir='ltr'><strong>salvandis</strong></span> <span class='ocrx_word' id='word_1_144' title='bbox 1709 1837 1719 1854; x_wconf 91' lang='lat'><strong>,</strong></span> <span class='ocrx_word' id='word_1_145' title='bbox 1758 1803 1948 1847; x_wconf 87' lang='lat' dir='ltr'><strong>maxime</strong></span> <span class='ocrx_word' id='word_1_146' title='bbox 1991 1802 2034 1845; x_wconf 90' lang='lat' dir='ltr'><strong>in</strong></span> <span class='ocrx_word' id='word_1_147' title='bbox 2068 1802 2185 1846; x_wconf 88' lang='lat' dir='ltr'><strong>Urbe</strong></span> 
     </span>
    </p>

    <p class='ocr_par' dir='ltr' id='par_1_16' title="bbox 622 1863 2178 2044">
     <span class='ocr_line' id='line_1_31' title="bbox 674 1863 2048 1921; baseline -0.001 -14"><span class='ocrx_word' id='word_1_148' title='bbox 674 1863 944 1919; x_wconf 88' lang='lat' dir='ltr'><strong>Quebecensi</strong></span> <span class='ocrx_word' id='word_1_149' title='bbox 980 1864 1217 1921; x_wconf 86' lang='lat' dir='ltr'><strong>puellarum</strong></span> <span class='ocrx_word' id='word_1_150' title='bbox 1252 1863 1521 1915; x_wconf 77' lang='lat' dir='ltr'><strong>educationi,</strong></span> <span class='ocrx_word' id='word_1_151' title='bbox 1557 1871 1803 1908; x_wconf 85' lang='lat' dir='ltr'><strong>constanter</strong></span> <span class='ocrx_word' id='word_1_152' title='bbox 1837 1863 2048 1907; x_wconf 87' lang='lat' dir='ltr'><strong>incubuit.</strong></span> 
     </span>
     <span class='ocr_line' id='line_1_32' title="bbox 622 1922 2178 1982; baseline 0.001 -16"><span class='ocrx_word' id='word_1_153' title='bbox 622 1970 625 1973; x_wconf 64' lang='grc'><strong>,</strong></span> <span class='ocrx_word' id='word_1_154' title='bbox 798 1925 947 1968; x_wconf 87' lang='lat' dir='ltr'><strong>Nostra</strong></span> <span class='ocrx_word' id='word_1_155' title='bbox 971 1925 1075 1969; x_wconf 74' lang='lat' dir='ltr'><strong>llaec</strong></span> <span class='ocrx_word' id='word_1_156' title='bbox 1097 1933 1211 1975; x_wconf 86' lang='lat' dir='ltr'><strong>vota,</strong></span> <span class='ocrx_word' id='word_1_157' title='bbox 1248 1924 1500 1968; x_wconf 77' lang='lat' dir='ltr'><strong>Beatissimo</strong></span> <span class='ocrx_word' id='word_1_158' title='bbox 1522 1926 1662 1975; x_wconf 88' lang='lat' dir='ltr'><strong>Pater,</strong></span> <span class='ocrx_word' id='word_1_159' title='bbox 1678 1923 1948 1968; x_wconf 79' lang='lat' dir='ltr'><strong>confidenter</strong></span> <span class='ocrx_word' id='word_1_160' title='bbox 1969 1922 2024 1967; x_wconf 90' lang='lat' dir='ltr'><strong>ad</strong></span> <span class='ocrx_word' id='word_1_161' title='bbox 2046 1923 2178 1982; x_wconf 88' lang='lat' dir='ltr'><strong>pedes</strong></span> 
     </span>
     <span class='ocr_line' id='line_1_33' title="bbox 676 1984 2129 2044; baseline -0.001 -16"><span class='ocrx_word' id='word_1_162' title='bbox 676 1986 849 2028; x_wconf 79' lang='lat' dir='ltr'><strong>vesu-os</strong></span> <span class='ocrx_word' id='word_1_163' title='bbox 870 1984 1129 2037; x_wconf 80' lang='lat' dir='ltr'><strong>deserentes,</strong></span> <span class='ocrx_word' id='word_1_164' title='bbox 1145 1984 1494 2029; x_wconf 87' lang='lat' dir='ltr'><strong>benedictionem</strong></span> <span class='ocrx_word' id='word_1_165' title='bbox 1517 1985 1807 2044; x_wconf 86' lang='lat' dir='ltr'><strong>Apostolicam</strong></span> <span class='ocrx_word' id='word_1_166' title='bbox 1832 1985 2129 2043; x_wconf 87' lang='lat' dir='ltr'><strong>imploramus,</strong></span> 
     </span>
    </p>
   </div>
   <div class='ocr_carea' id='block_1_15' title="bbox 0 1062 2383 2320">
    <p class='ocr_par' dir='ltr' id='par_1_17' title="bbox 0 1062 2383 2320">
     <span class='ocr_line' id='line_1_34' title="bbox 0 1062 2383 1167; baseline 0 -16"><span class='ocrx_word' id='word_1_167' title='bbox 0 1151 161 1164; x_wconf 95' lang='lat' dir='ltr'><strong> </strong></span> <span class='ocrx_word' id='word_1_168' title='bbox 2366 1062 2383 1167; x_wconf 95' lang='lat' dir='ltr'><strong>   </strong></span> 
     </span>
     <span class='ocr_line' id='line_1_35' title="bbox 0 1167 2383 1463; baseline 0 0"><span class='ocrx_word' id='word_1_169' title='bbox 0 1167 161 1463; x_wconf 95' lang='lat' dir='ltr'><strong>     </strong></span> <span class='ocrx_word' id='word_1_170' title='bbox 2365 1167 2383 1463; x_wconf 95' lang='lat' dir='ltr'><strong>     </strong></span> 
     </span>
     <span class='ocr_line' id='line_1_36' title="bbox 0 1463 2375 1698; baseline 0 -112"><span class='ocrx_word' id='word_1_171' title='bbox 0 1463 158 1698; x_wconf 95' lang='lat' dir='ltr'><strong>    </strong></span> <span class='ocrx_word' id='word_1_172' title='bbox 2361 1463 2375 1698; x_wconf 95' lang='lat' dir='ltr'><strong>    </strong></span> 
     </span>
     <span class='ocr_line' id='line_1_37' title="bbox 0 1698 2373 1950; baseline 0 -60"><span class='ocrx_word' id='word_1_173' title='bbox 0 1698 156 1950; x_wconf 95' lang='lat' dir='ltr'><strong>    </strong></span> <span class='ocrx_word' id='word_1_174' title='bbox 2360 1698 2373 1950; x_wconf 95' lang='lat' dir='ltr'><strong>    </strong></span> 
     </span>
     <span class='ocr_line' id='line_1_38' title="bbox 0 1950 2371 2084; baseline 0 -72"><span class='ocrx_word' id='word_1_175' title='bbox 0 1950 2371 2084; x_wconf 95' lang='lat' dir='ltr'><strong>     </strong></span> 
     </span>
     <span class='ocr_line' id='line_1_39' title="bbox 0 2084 2369 2199; baseline 0 -23"><span class='ocrx_word' id='word_1_176' title='bbox 0 2084 2369 2199; x_wconf 95' lang='lat' dir='ltr'><strong>   </strong></span> 
     </span>
     <span class='ocr_line' id='line_1_40' title="bbox 0 2199 1167 2320; baseline 0 1264"><span class='ocrx_word' id='word_1_177' title='bbox 0 2199 1167 2320; x_wconf 95' lang='lat' dir='ltr'><strong> </strong></span> 
     </span>
    </p>
   </div>
   <div class='ocr_carea' id='block_1_16' title="bbox 1042 2107 1498 2153">
    <p class='ocr_par' dir='ltr' id='par_1_18' title="bbox 1042 2107 1498 2153">
     <span class='ocr_line' id='line_1_41' title="bbox 1042 2107 1498 2153; baseline -0.004 -1"><span class='ocrx_word' id='word_1_178' title='bbox 1042 2107 1284 2153; x_wconf 84' lang='lat' dir='ltr'><strong>Sanctitatis</strong></span> <span class='ocrx_word' id='word_1_179' title='bbox 1317 2109 1498 2153; x_wconf 88' lang='lat' dir='ltr'><strong>Vestrae</strong></span> 
     </span>
    </p>
   </div>
   <div class='ocr_carea' id='block_1_17' title="bbox 0 2199 2367 2362">
    <p class='ocr_par' dir='ltr' id='par_1_19' title="bbox 0 2199 2367 2362">
     <span class='ocr_line' id='line_1_42' title="bbox 0 2199 2367 2362; baseline 0 -42"><span class='ocrx_word' id='word_1_180' title='bbox 0 2320 154 2362; x_wconf 95' lang='lat' dir='ltr'><strong> </strong></span> <span class='ocrx_word' id='word_1_181' title='bbox 1878 2199 2367 2320; x_wconf 95' lang='lat' dir='ltr'><strong> </strong></span> 
     </span>
    </p>
   </div>
   <div class='ocr_carea' id='block_1_18' title="bbox 1167 2229 1878 2707">
    <p class='ocr_par' dir='ltr' id='par_1_20' title="bbox 1167 2229 1878 2474">
     <span class='ocr_line' id='line_1_43' title="bbox 1167 2229 1878 2290; baseline -0.006 -15"><span class='ocrx_word' id='word_1_182' title='bbox 1167 2231 1436 2284; x_wconf 84' lang='lat' dir='ltr'><strong>Humillimi,</strong></span> <span class='ocrx_word' id='word_1_183' title='bbox 1479 2229 1878 2290; x_wconf 83' lang='lat' dir='ltr'><strong>obsequentissimi,</strong></span> 
     </span>
     <span class='ocr_line' id='line_1_44' title="bbox 1238 2290 1821 2338; baseline -0.007 -2"><span class='ocrx_word' id='word_1_184' title='bbox 1238 2293 1521 2338; x_wconf 89' lang='lat' dir='ltr'><strong>addictissimi</strong></span> <span class='ocrx_word' id='word_1_185' title='bbox 1544 2293 1657 2336; x_wconf 86' lang='lat' dir='ltr'><strong>servi</strong></span> <span class='ocrx_word' id='word_1_186' title='bbox 1680 2298 1723 2334; x_wconf 82' lang='lat' dir='ltr'><strong>et</strong></span> <span class='ocrx_word' id='word_1_187' title='bbox 1747 2290 1821 2333; x_wconf 83' lang='lat' dir='ltr'><strong>lilii</strong></span> 
     </span>
     <span class='ocr_line' id='line_1_45' title="bbox 1287 2355 1748 2398; baseline -0.011 0"><span class='ocrx_word' id='word_1_188' title='bbox 1287 2355 1543 2398; x_wconf 88' lang='lat' dir='ltr'><strong>Guillonnes</strong></span> <span class='ocrx_word' id='word_1_189' title='bbox 1575 2355 1748 2398; x_wconf 85' lang='lat' dir='ltr'><strong>Rector.</strong></span> 
     </span>
     <span class='ocr_line' id='line_1_46' title="bbox 1284 2416 1590 2474; baseline -0.01 -14"><span class='ocrx_word' id='word_1_190' title='bbox 1284 2416 1590 2474; x_wconf 84' lang='lat' dir='ltr'><strong>Dieulangare.</strong></span> 
     </span>
    </p>

    <p class='ocr_par' dir='ltr' id='par_1_21' title="bbox 1287 2476 1594 2534">
     <span class='ocr_line' id='line_1_47' title="bbox 1287 2476 1594 2534; baseline -0.013 -12"><span class='ocrx_word' id='word_1_191' title='bbox 1287 2480 1342 2522; x_wconf 83' lang='grc' dir='ltr'><strong>ΙΙ.</strong></span> <span class='ocrx_word' id='word_1_192' title='bbox 1378 2476 1594 2534; x_wconf 86' lang='lat' dir='ltr'><strong>Choupin.</strong></span> 
     </span>
    </p>

    <p class='ocr_par' dir='ltr' id='par_1_22' title="bbox 1284 2539 1673 2707">
     <span class='ocr_line' id='line_1_48' title="bbox 1286 2539 1630 2584; baseline -0.006 -2"><span class='ocrx_word' id='word_1_193' title='bbox 1286 2540 1335 2583; x_wconf 88' lang='lat' dir='ltr'><strong>L.</strong></span> <span class='ocrx_word' id='word_1_194' title='bbox 1372 2540 1411 2584; x_wconf 93' lang='lat' dir='ltr'><strong>le</strong></span> <span class='ocrx_word' id='word_1_195' title='bbox 1444 2539 1630 2583; x_wconf 85' lang='lat' dir='ltr'><strong>Bideau.</strong></span> 
     </span>
     <span class='ocr_line' id='line_1_49' title="bbox 1284 2599 1577 2644; baseline -0.007 0"><span class='ocrx_word' id='word_1_196' title='bbox 1284 2601 1333 2644; x_wconf 81' lang='lat'><strong>1..</strong></span> <span class='ocrx_word' id='word_1_197' title='bbox 1371 2599 1577 2644; x_wconf 85' lang='lat' dir='ltr'><strong>Pichodo.</strong></span> 
     </span>
     <span class='ocr_line' id='line_1_50' title="bbox 1285 2660 1673 2707; baseline -0.005 -2"><span class='ocrx_word' id='word_1_198' title='bbox 1285 2662 1335 2705; x_wconf 85' lang='lat' dir='ltr'><strong>L.</strong></span> <span class='ocrx_word' id='word_1_199' title='bbox 1371 2661 1522 2707; x_wconf 90' lang='lat' dir='ltr'><strong>Simon</strong></span> <span class='ocrx_word' id='word_1_200' title='bbox 1557 2660 1673 2703; x_wconf 85' lang='lat' dir='ltr'><strong>Ptrc.</strong></span> 
     </span>
    </p>
   </div>
   <div class='ocr_carea' id='block_1_19' title="bbox 0 2320 2367 2861">
    <p class='ocr_par' dir='ltr' id='par_1_23' title="bbox 0 2320 2367 2861">
     <span class='ocr_line' id='line_1_51' title="bbox 0 2320 2367 2387; baseline 0 -25"><span class='ocrx_word' id='word_1_201' title='bbox 0 2362 153 2387; x_wconf 95' lang='lat' dir='ltr'><strong> </strong></span> <span class='ocrx_word' id='word_1_202' title='bbox 2355 2320 2367 2387; x_wconf 95' lang='lat' dir='ltr'><strong>  </strong></span> 
     </span>
     <span class='ocr_line' id='line_1_52' title="bbox 0 2387 2366 2666; baseline 0 -163"><span class='ocrx_word' id='word_1_203' title='bbox 0 2387 153 2666; x_wconf 95' lang='lat' dir='ltr'><strong>    </strong></span> <span class='ocrx_word' id='word_1_204' title='bbox 2353 2387 2366 2666; x_wconf 95' lang='lat' dir='ltr'><strong>    </strong></span> 
     </span>
     <span class='ocr_line' id='line_1_53' title="bbox 0 2666 2365 2757; baseline 0 -27"><span class='ocrx_word' id='word_1_205' title='bbox 0 2666 2365 2757; x_wconf 95' lang='lat' dir='ltr'><strong>   </strong></span> 
     </span>
     <span class='ocr_line' id='line_1_54' title="bbox 0 2757 678 2861; baseline 0 723"><span class='ocrx_word' id='word_1_206' title='bbox 0 2757 678 2861; x_wconf 95' lang='lat' dir='ltr'><strong> </strong></span> 
     </span>
    </p>
   </div>
   <div class='ocr_carea' id='block_1_20' title="bbox 678 2783 1677 2835">
    <p class='ocr_par' dir='ltr' id='par_1_24' title="bbox 678 2783 1677 2835">
     <span class='ocr_line' id='line_1_55' title="bbox 678 2783 1677 2835; baseline -0.01 0"><span class='ocrx_word' id='word_1_207' title='bbox 678 2787 869 2835; x_wconf 69' lang='lat' dir='ltr'><strong>venetiis</strong></span> <span class='ocrx_word' id='word_1_208' title='bbox 903 2788 1126 2832; x_wconf 89' lang='lat' dir='ltr'><strong>Britonum</strong></span> <span class='ocrx_word' id='word_1_209' title='bbox 1161 2786 1217 2829; x_wconf 73' lang='lat'><strong>47</strong></span> <span class='ocrx_word' id='word_1_210' title='bbox 1253 2783 1510 2830; x_wconf 82' lang='lat' dir='ltr'><strong>Novembris</strong></span> <span class='ocrx_word' id='word_1_211' title='bbox 1543 2783 1677 2827; x_wconf 73' lang='lat'>4676.</span> 
     </span>
    </p>
   </div>
   <div class='ocr_carea' id='block_1_21' title="bbox 0 326 2390 577">
    <p class='ocr_par' dir='ltr' id='par_1_25' title="bbox 0 326 2390 577">
     <span class='ocr_line' id='line_1_56' title="bbox 0 326 2390 577; baseline 0 -84"><span class='ocrx_word' id='word_1_212' title='bbox 0 427 164 577; x_wconf 95' lang='lat' dir='ltr'><strong>  </strong></span> <span class='ocrx_word' id='word_1_213' title='bbox 2377 326 2390 493; x_wconf 95' lang='lat' dir='ltr'><strong>  </strong></span> 
     </span>
    </p>
   </div>
   <div class='ocr_carea' id='block_1_22' title="bbox 0 2757 2660 3584">
    <p class='ocr_par' dir='ltr' id='par_1_26' title="bbox 0 2757 2660 3584">
     <span class='ocr_line' id='line_1_57' title="bbox 0 2757 2660 3584; baseline 0 -723"><span class='ocrx_word' id='word_1_214' title='bbox 0 2757 2660 3584; x_wconf 95' lang='lat' dir='ltr'><strong>  </strong></span> 
     </span>
    </p>
   </div>
   <div class='ocr_carea' id='block_1_23' title="bbox 2629 0 2660 718">
    <p class='ocr_par' dir='ltr' id='par_1_27' title="bbox 2629 0 2660 718">
     <span class='ocr_line' id='line_1_58' title="bbox 2629 0 2660 718; baseline 0 2866"><span class='ocrx_word' id='word_1_215' title='bbox 2629 0 2660 718; x_wconf 95' lang='lat' dir='ltr'><strong> </strong></span> 
     </span>
    </p>
   </div>
   <div class='ocr_carea' id='block_1_24' title="bbox 2626 794 2660 960">
    <p class='ocr_par' dir='ltr' id='par_1_28' title="bbox 2626 794 2660 960">
     <span class='ocr_line' id='line_1_59' title="bbox 2626 794 2660 960; baseline 0 2624"><span class='ocrx_word' id='word_1_216' title='bbox 2626 794 2660 960; x_wconf 95' lang='lat' dir='ltr'><strong> </strong></span> 
     </span>
    </p>
   </div>
   <div class='ocr_carea' id='block_1_25' title="bbox 2622 1036 2660 1200">
    <p class='ocr_par' dir='ltr' id='par_1_29' title="bbox 2622 1036 2660 1200">
     <span class='ocr_line' id='line_1_60' title="bbox 2622 1036 2660 1200; baseline 0 2384"><span class='ocrx_word' id='word_1_217' title='bbox 2622 1036 2660 1200; x_wconf 95' lang='lat' dir='ltr'><strong> </strong></span> 
     </span>
    </p>
   </div>
   <div class='ocr_carea' id='block_1_26' title="bbox 2620 1284 2664 1562">
    <p class='ocr_par' dir='ltr' id='par_1_30' title="bbox 2620 1284 2664 1562">
     <span class='ocr_line' id='line_1_61' title="bbox 2620 1284 2664 1562; baseline 0 2022"><span class='ocrx_word' id='word_1_218' title='bbox 2620 1284 2664 1562; x_wconf 95' lang='lat' dir='ltr'><strong> </strong></span> 
     </span>
    </p>
   </div>
  </div>
 </body>
</html>
