2640 3616
2132 319 2189 363 49

684 396 811 441 licere
845 397 878 440 si
916 398 1018 440 Eam
1051 395 1104 439 ad
1140 410 1235 438 suas
1271 404 1412 453 partes
1444 394 1660 439 attrahere
1697 392 1945 442 valuissent,
1984 401 2114 450 atquc
2138 407 2188 437 ca

690 457 746 502 de
762 473 885 502 causa
911 457 1071 499 litteras
1089 455 1208 498 omni
1228 454 1328 498 dolo
1349 455 1497 513 plenas
1520 454 1574 499 ad
1600 456 1741 525 lpsam
1768 453 1988 502 miserant,
2018 452 2184 496 millum

692 517 816 561 dedit
839 530 1090 575 responsum
1114 530 1308 559 asserens
1340 530 1437 559 cnm
1461 515 1585 559 huius
1609 514 1782 558 lurl‘uris
1812 512 2063 557 hominibus
2100 512 2192 557 nul·

695 578 783 621 lum
819 592 938 634 posse
974 575 1119 619 haberi
1155 575 1479 619 commercium.
1507 575 1641 619 Testis
1677 576 1733 618 X.
1772 572 1962 634 (Summ.
1986 588 2108 617 num.
2131 573 2184 617 V.

696 654 792 697 pag.
819 637 912 694 57),
956 657 971 674 α
1021 636 1033 677 l
1067 635 1328 679 Gianscnisti
1365 635 1563 679 vedendo
1596 636 1674 680 che
1725 635 1762 678 ln
1801 650 1879 678 sua
1925 633 2193 691 riputazione

703 718 719 737 ι
748 711 917 753 semprc
954 695 1025 754 piu
1059 695 1092 739 si
1128 694 1394 745 dillondcva‚
1433 694 1649 739 mediante
1684 695 1851 745 lettere,
1890 709 2055 738 avcvan
2093 710 2191 752 pro-

701 779 715 796 .
744 764 890 801 curato
924 756 1097 800 attrarla
1132 755 1172 798 al
1207 754 1297 798 loro
1322 756 1492 812 partito,
1519 770 1586 799 ma
1610 755 1647 799 la
1675 755 1913 799 medesima
1936 770 2007 798 cra
2036 764 2194 814 troppo

704 839 717 856 ι
749 816 924 861 londata
961 816 1072 859 nella
1107 814 1222 858 Fede
1255 815 1370 860 della
1404 823 1525 859 santa
1560 815 1727 866 Chiesa,
1768 830 1843 872 per
1879 822 1999 872 poter
2022 823 2197 872 gustare

706 898 720 916 ι
750 892 870 920 come
904 876 994 920 Ella
1036 877 1066 919 si
1110 875 1371 933 esprimeva,
1410 892 1492 920 una
1534 875 1768 919 dcvozione
1806 880 1932 918 aerea
1968 890 2093 918 senza
2132 891 2197 919 so-

704 957 719 976 »
749 937 835 981 lide
866 936 976 980 basi.
1016 936 1102 979 Ella
1139 936 1180 978 in
1220 936 1284 979 cio
1321 935 1450 994 taglio
1500 944 1648 988 corto,
1689 951 1773 979 non
1811 933 2104 993 rispondendo
2136 936 2198 979 al'-

708 1017 723 1035 »
754 997 873 1039 fallo.
904 1017 917 1034 ¹·

577 1057 652 1099 35.
688 1056 773 1101 Sed
822 1056 874 1100 ad
925 1064 1096 1100 cunctos
1135 1056 1213 1099 Dei
1264 1065 1305 1100 ct
1340 1057 1550 1100 Ecclesiae
1601 1056 1809 1099 Ministros
1859 1055 2121 1113 obsequium
2156 1064 2198 1099 et

696 1116 870 1160 devotio
904 1118 1062 1161 Servac
1097 1116 1178 1159 Dei
1213 1133 1304 1160 sese
1338 1117 1534 1160 extendit
1568 1131 1755 1176 quornm
1780 1116 1944 1159 monita
1975 1123 2198 1174 tamquam

697 1193 720 1220 a
758 1179 847 1219 Deo
883 1177 1068 1234 prosecta
1102 1177 1326 1227 audiebat,
1365 1185 1405 1220 et
1442 1176 1664 1220 humiliter
1699 1176 1920 1234 excipiens
1954 1176 2199 1220 executioni

699 1237 934 1280 mandabat.
969 1237 1079 1280 dicta
1115 1237 1252 1280 Testis
1287 1237 1485 1296 (Sunun.
1515 1253 1634 1281 nuni.
1663 1238 1757 1281 Vll.
1797 1252 1896 1294 pag.
1935 1237 2010 1294 76)
2050 1256 2065 1275 ·
2091 1238 2198 1280 Tro-

706 1317 721 1335 ·
753 1312 857 1341 vava
891 1297 1165 1341 ammirabile
1201 1313 1293 1341 cosa
1330 1297 1407 1341 che
1445 1298 1526 1341 Dio
1561 1314 1740 1356 ponessc
1777 1297 1814 1340 la
1849 1312 1925 1340 sua
1952 1296 2097 1353 parola
2131 1296 2196 1339 sul

713 1377 728 1395 ι
758 1357 912 1400 labbro
946 1357 1014 1400 dci
1049 1357 1138 1400 suoi
1175 1357 1367 1408 Ministro
1390 1358 1443 1402 da
1467 1358 1533 1402 cio
1559 1374 1739 1402 nasceva
1773 1357 1873 1417 quel
1910 1357 2086 1414 rispetto
2119 1356 2197 1401 che

707 1436 722 1454 ι
753 1432 830 1474 per
863 1417 942 1459 essi
980 1418 1179 1467 nutriva‚
1229 1433 1252 1460 e
1303 1420 1340 1461 la
1375 1434 1449 1462 sua
1485 1419 1664 1476 perfetta
1717 1416 2017 1462 sommissione
2051 1417 2089 1460 al
2124 1433 2200 1461 suo

708 1496 723 1514 ι
754 1476 989 1528 Direttore,
1028 1476 1081 1520 cd
1116 1477 1154 1519 ai
1190 1478 1281 1520 suoi
1317 1478 1528 1535 superiori
1563 1478 1838 1523 Ecclesiastici
1882 1477 2053 1521 avendo
2087 1477 2202 1522 bene

709 1556 725 1575 ι
755 1536 962 1593 impresso
1000 1536 1066 1579 ncl
1101 1552 1177 1579 suo
1210 1552 1339 1580 cuore
1375 1537 1451 1580 che
1485 1538 1567 1581 essi
1601 1538 1807 1582 l'acevano
1842 1538 1881 1581 le
1916 1537 2006 1580 veci
2030 1537 2074 1581 di
2099 1538 2198 1581 Dio.

711 1616 724 1634 ι
754 1597 912 1651 Questa
946 1596 1064 1640 Fedc
1099 1597 1194 1640 viva
1229 1596 1375 1641 laccva
1412 1605 1673 1656 transportare
1709 1596 1820 1641 nella
1853 1613 1930 1641 sua
1970 1596 2200 1641 fisonomia

710 1677 725 1694 ιι
754 1656 936 1715 qualche
984 1672 1078 1700 cosa
1126 1657 1170 1700 di
1220 1656 1370 1701 divino
1404 1657 1480 1702 che
1516 1658 1700 1716 ispirava
1735 1658 1919 1716 rispetto
1953 1673 1975 1700 e
2008 1672 2201 1701 venera-

709 1737 725 1755 ·
755 1732 892 1760 mone.
920 1738 935 1755 ο

582 1779 656 1821 36.
694 1778 833 1821 lloccc
855 1785 1000 1821 autem
1026 1777 1240 1822 sincerum
1264 1778 1546 1838 obsequium,
1570 1779 1781 1823 illimitata
1806 1779 1965 1822 isthaec
1989 1778 2202 1822 subiectio

705 1838 948 1889 Ecclesiae,
1002 1838 1193 1898 Eiusque
1241 1838 1440 1882 Ministris
1489 1840 1722 1898 praecipue
1768 1839 1983 1883 infallibili
2018 1840 2204 1882 Romani

707 1898 928 1942 pontificis
963 1898 1118 1943 iudicio
1153 1914 1296 1943 nonne
1332 1899 1513 1944 totidem
1548 1909 1644 1943 sunt
1677 1899 1903 1958 perspicua
1940 1907 1981 1943 et
2024 1897 2205 1944 indubia

706 1958 904 2003 heroicae
952 1960 1053 2004 Eius
1095 1960 1198 2004 fidei
1250 1960 1409 2004 indicia
1430 1993 1440 2011 ‚
1478 1969 1521 2004 ct
1556 1960 1716 2004 invicta
1751 1959 2040 2017 argumenta?
2073 1961 2125 2003 Et
2159 1975 2204 2002 re

710 2019 887 2078 quidem
921 2035 1024 2064 vera
1056 2021 1163 2064 Fide
1213 2021 1421 2064 docemur
1467 2023 1709 2065 Romanum
1756 2020 2009 2064 Pontificem
2059 2027 2206 2078 utpote

707 2082 757 2123 Β.
795 2080 908 2123 Petri
957 2081 1264 2140 Apostolorum
1306 2081 1517 2140 Principis
1564 2082 1861 2125 Successorem
1912 2081 2065 2124 Christi
2115 2095 2204 2123 esse

707 2140 749 2184 in
787 2140 908 2183 terris
942 2141 1159 2185 Vicarium
1182 2175 1192 2191 ‚
1231 2150 1271 2184 ct
1304 2156 1459 2185 verum
1509 2142 1666 2185 habere
1703 2141 1746 2186 in
1782 2141 1984 2183 universa
2018 2140 2203 2183 Ecclesia

710 2200 947 2244 Primatum
983 2202 1073 2244 sive
1107 2201 1297 2252 honoris,
1336 2202 1425 2244 sive
1459 2200 1780 2252 iurisdictionis,
1806 2210 1938 2258 atque
1971 2208 2095 2243 extra
2127 2202 2207 2244 Ca-

713 2260 913 2305 tholicam
948 2261 1181 2304 Ecclesiam
1214 2277 1304 2304 esse
1339 2277 1412 2304 eos
1433 2276 1585 2304 omnes
1608 2261 1681 2319 qui
1708 2260 1859 2304 Eidem
1897 2277 1950 2304 cx
1983 2260 2201 2306 Cathedra

709 2321 885 2378 aliquod
920 2321 1079 2377 dogma
1111 2320 1234 2364 Fidei
1269 2321 1498 2364 definienti
1543 2329 1585 2364 et
1607 2320 1971 2366 Christilidelibus
1996 2320 2207 2365 universis

711 2380 766 2424 ad
813 2381 1079 2424 eredendum
1132 2382 1393 2439 proponenti
1442 2397 1528 2425 non
1581 2397 1624 2426 se
1672 2381 1925 2426 subiiciunt.
1969 2383 2208 2439 Eapropter

711 2440 971 2485 Benedictus
1004 2441 1104 2484 XIV
1139 2440 1216 2484 lib.
1250 2443 1292 2485 3.
1325 2458 1421 2501 cap.
1449 2444 1525 2486 23.
1549 2457 1591 2485 n.
1621 2443 1663 2486 li.
1691 2450 1735 2486 et.
1767 2443 2024 2486 Matthaeuc.
2061 2444 2203 2485 Praet.

712 2501 920 2560 Theolog.
947 2503 1055 2546 Can.
1082 2502 1124 2545 4.
1151 2502 1238 2545 Tit.
1260 2503 1304 2546 2.
1331 2504 1437 2561 Cap.
1458 2504 1504 2546 2.
1542 2502 1586 2562 S.
1612 2504 1649 2545 ’1.
1688 2520 1731 2546 n.
1754 2504 1831 2546 23.
1874 2503 2128 2547 obedientia
2160 2508 2203 2545 et

711 2562 971 2620 obsequium
1007 2564 1204 2606 Romano
1238 2563 1455 2615 Pontifici,
1491 2579 1542 2607 ac
1584 2564 1761 2608 caeteris
1793 2563 2003 2607 Ecclesiae
2050 2562 2206 2608 Catho-

712 2623 818 2666 licae
850 2622 1053 2667 Ministris
1102 2624 1355 2682 praesertim
1403 2624 1434 2667 si
1483 2624 1697 2669 illimitata
1720 2658 1730 2676 ,
1769 2632 1810 2667 et
1843 2623 2090 2668 firmissima
2124 2622 2208 2665 sint

713 2684 909 2727 heroicae
942 2683 1064 2727 Fidei
1096 2684 1330 2728 adcenscre
1365 2700 1449 2728 non
1473 2684 1694 2729 dubitant.
1721 2685 1770 2729 ld
1792 2684 1910 2745 quod
1935 2684 2092 2743 potiori
2116 2683 2208 2726 iure

714 2743 1021 2788 affirmandum
1055 2753 1117 2787 cst
1150 2744 1206 2788 de
1238 2745 1370 2799 Serva
1394 2746 1474 2788 Dei
1498 2746 1652 2790 Sorore
1674 2746 1806 2791 Maria
1828 2747 1886 2790 ab
1909 2744 2208 2790 lucarnatione

714 2820 826 2864 quac
859 2804 955 2848 licet
991 2805 1135 2856 varie,
1173 2815 1216 2849 et
1258 2805 1454 2849 subdolis
1498 2807 1688 2859 artibus,
1728 2807 1788 2850 uti
1823 2808 1909 2851 iam
1944 2804 2152 2850 adnotavi
2184 2818 2209 2848 a

716 2866 961 2910 lansenistis
996 2874 1159 2910 tentata
1194 2874 1240 2909 ut
1270 2866 1326 2910 ad
1349 2882 1499 2910 eorum
1525 2875 1667 2925 partes
1691 2868 1842 2912 relicta
1862 2867 2046 2911 Ecclesia
2064 2865 2218 2910 Catho-

718 2926 798 2969 lica
832 2927 1080 2984 Apostolica
1113 2929 1307 2972 Romana
1358 2928 1588 2980 transiret,
1626 2937 1817 2973 attamen
1851 2944 2002 2973 corum
2039 2924 2217 2985 perfidis
