2752 3568
785 219 874 263 ’108

784 293 972 343 mansit,
1011 291 1053 335 id
1087 291 1278 349 profecto
1314 290 1563 333 necessitate
1595 298 1739 334 coacta
1773 291 1871 333 fecit
1893 323 1902 340 ‚
1941 291 1982 333 in
2017 306 2070 334 eo
2108 290 2281 335 interim

783 353 915 397 vitam
950 368 1076 410 agens
1111 367 1158 394 ac
1190 352 1222 393 si
1259 351 1300 393 in
1337 366 1483 394 eremo
1516 350 1707 407 degeret.
1746 352 1796 393 Et
1820 366 1873 393 ne
1897 350 1949 393 ad
1974 365 2166 394 amorem
2189 366 2281 394 sae-

783 416 866 458 culi
904 414 1143 456 traheretur
1175 427 1330 468 corpus
1363 426 1489 453 suum
1536 411 1673 469 rigide
1706 411 1949 468 gastigavit,
1987 420 2029 453 et
2069 411 2110 452 in
2148 411 2279 454 servi·

786 483 921 518 tutem
959 471 1140 529 redegit.
1178 471 1316 514 Testis
1350 472 1389 514 X
1423 472 1613 529 (Summ.
1653 472 1758 514 ibid.
1798 487 1895 528 pag.
1932 472 2031 529 20.)
2058 491 2072 508 u
2114 472 2168 514 La
2203 487 2279 514 sua

790 555 806 573 »
835 534 979 577 anima
1013 531 1074 589 (S
1113 532 1191 589 D.)
1227 533 1422 589 aspirava
1458 548 1481 574 a
1515 532 1695 591 qualche
1727 548 1823 574 cosa
1857 531 1900 574 ‹li
1936 530 2010 589 pin
2046 531 2214 582 intimo,
2253 546 2276 574 e

790 615 805 632 ι
833 609 958 638 senza
992 608 1144 651 sapere
1178 593 1241 635 cio
1274 593 1352 636 che
1386 592 1509 642 fosse,
1547 593 1634 636 Ella
1659 592 1768 634 volle
1794 607 1964 649 passare
1988 607 2067 649 per
2095 592 2134 634 le
2157 590 2277 634 liam-

791 675 807 693 »
837 669 905 697 me
939 652 1052 695 onde
1081 653 1337 696 annientare
1371 652 1411 695 in
1446 667 1492 695 se
1527 652 1763 697 medesima
1796 652 1861 694 οἰὸ
1895 652 1971 695 che
2014 652 2052 693 vi
2088 660 2276 694 metteva

791 736 805 753 »ι
836 714 1035 757 ostacolO.
1068 714 1199 757 Entro
1224 715 1262 755 in
1288 729 1343 755 nn
1368 728 1513 756 nuovo
1535 713 1684 771 spirito
1706 712 1748 755 di
1775 712 1916 769 rigore
1941 728 2062 755 verso
2084 727 2128 753 se
2150 719 2282 754 stessa

790 797 805 814 n
833 792 855 818 a
889 789 1018 832 segne
1053 774 1136 818 tale
1170 774 1246 816 che
1280 774 1307 816 il
1341 789 1416 815 suo
1450 788 1579 831 corpo
1612 773 1645 816 si
1679 773 1805 816 lascio
1840 772 2055 815 condurre
2098 772 2280 815 siccome

791 858 806 874 »
836 851 892 879 un
927 843 1082 886 morto,
1121 850 1145 877 e
1181 842 1287 878 tutto
1321 834 1435 876 soffri
1470 848 1590 876 senza
1614 834 1902 892 pronunciare
1928 834 2191 877 un’accento.
2215 832 2280 874 Un

791 917 805 934 n
834 896 986 954 giorno
1020 896 1060 937 in
1096 894 1164 937 cni
1198 894 1286 937 Ella
1320 894 1647 937 s'intratteneva
1681 910 1758 936 con
1794 895 1946 936 Nostro
1979 894 2158 951 Signore
2203 907 2282 934 con

790 978 805 995 n
836 972 920 999 una
955 956 1118 1013 grande
1154 970 1380 997 veemenza
1414 954 1459 997 di
1493 954 1726 1005 desiderio,
1765 954 1856 1010 Egti
1892 956 1931 997 lc
1954 955 2066 997 disse
2089 952 2281 996 distinta-

791 1038 805 1055 ι»
836 1025 1001 1059 mente.
1027 1040 1054 1047 -
1076 1018 1120 1058 lo
1158 1015 1185 1057 ti
1219 1015 1391 1072 sposero
1416 1016 1527 1058 nella
1550 1015 1683 1064 che,
1713 1015 1739 1059 ti
1763 1014 1937 1073 sposer'e
1962 1030 2036 1072 per
2059 1028 2280 1071 sculpi-e.-

789 1098 804 1115 »
835 1080 866 1119 Α
908 1076 977 1119 tali
1001 1076 1164 1119 accenti
1188 1075 1275 1118 Ella
1299 1075 1565 1134 sperimento
1592 1092 1647 1118 un
1675 1075 2065 1133 raddoppiamcnto
2089 1074 2132 1116 di
2153 1077 2283 1116 Amo-

790 1159 806 1176 „
836 1154 880 1180 re
918 1137 1091 1187 Divino,
1129 1152 1153 1178 e
1186 1136 1309 1178 cotali
1346 1136 1485 1180 assalti
1520 1137 1575 1179 da
1607 1137 1673 1179 cui
1710 1136 1735 1178 il
1772 1152 1848 1178 suo
1882 1136 2049 1193 spirito,
2077 1134 2131 1176 ed
2156 1134 2182 1175 il
2207 1148 2283 1175 suo

792 1220 807 1236 »
835 1213 966 1241 cuore
1001 1197 1181 1239 venivan
1231 1196 1355 1253 rapiti
1398 1196 1704 1239 al'fievolivano
1749 1196 2092 1253 maggiormente
2136 1194 2161 1237 il
2207 1209 2283 1236 suo

790 1280 805 1297 »
833 1273 965 1315 corpo
997 1257 1039 1299 di
1074 1256 1273 1314 quelche
1310 1256 1515 1300 facessero
1550 1265 1658 1299 tutte
1681 1256 1719 1298 le
1740 1271 1816 1298 sue
1851 1256 2071 1298 austerita.
2109 1256 2280 1298 Coteste

791 1339 806 1357 »
834 1317 1036 1361 auster-ita
1069 1332 1201 1360 erano
1235 1316 1276 1358 in
1311 1317 1446 1361 allora
1481 1317 1706 1360 eccessive.
1741 1336 1755 1355 ι,
1785 1316 1992 1371 Quamvis
2028 1331 2131 1358 vero
2149 1317 2283 1359 Serva

785 1379 863 1421 Dei
900 1378 959 1420 ita
991 1377 1130 1434 rigide
1164 1392 1319 1435 corpus
1355 1393 1484 1421 suum
1518 1377 1792 1435 gastigaverit
1817 1384 2007 1420 attamen
2034 1376 2195 1419 Divino
2220 1375 2286 1417 lu-

784 1440 903 1481 mine
939 1453 1115 1481 noscens
1149 1438 1265 1495 quod
1304 1437 1442 1482 donee
1477 1440 1519 1480 in
1553 1439 1720 1481 saeculo
1755 1438 1886 1480 vitam
1926 1437 2168 1481 traduceret
2201 1450 2283 1478 ex-

784 1500 920 1557 posita
955 1500 1087 1556 magis
1121 1507 1213 1541 erat
1246 1512 1450 1541 sensuum
1485 1498 1698 1541 illecebris
1721 1498 1819 1542 hinc
1843 1499 1953 1541 intra
1978 1496 2180 1554 Religiosi
2205 1495 2280 1539 ali-

782 1560 903 1602 euius
937 1559 1112 1602 Ordinis
1136 1566 1254 1614 septa
1280 1558 1447 1616 ingredi
1474 1559 1678 1601 ardenter
1699 1559 1991 1608 desiderabat,
2020 1566 2063 1601 et
2086 1573 2180 1600 cum
2207 1557 2285 1599 hu-

786 1619 973 1663 iusmodi
1008 1618 1210 1662 desiderii
1243 1619 1438 1663 executio
1473 1619 1688 1663 retardata
1721 1628 1846 1671 esset,
1886 1619 2059 1661 interim
2096 1627 2140 1660 ut,
2173 1616 2285 1660 Reli-

781 1680 945 1737 giosam
982 1680 1024 1722 in
1057 1679 1225 1722 saeculo
1259 1694 1439 1738 quoque
1474 1680 1718 1723 traduceret
1751 1680 1886 1723 vitam
1922 1687 2019 1722 voto
2052 1685 2288 1737 perpetuae

783 1740 999 1784 Castitatis
1032 1757 1055 1783 a
1089 1755 1134 1783 se
1170 1740 1253 1782 iam
1288 1741 1444 1784 emisso
1478 1741 1563 1784 alia
1594 1741 1681 1784 duo
1726 1740 1898 1784 addidit
1942 1749 2041 1782 veta
2087 1739 2287 1782 videlicet

788 1800 1052 1859 paupertatis
1085 1809 1128 1843 et
1162 1800 1455 1845 obedientiae.
1496 1802 1601 1845 Rem
1636 1801 1694 1844 ita
1728 1809 1876 1844 narrat
1898 1801 2052 1845 eadem
2078 1801 2224 1842 Testes
2246 1799 2288 1841 X

785 1861 975 1920 (Summ.
1012 1860 1120 1904 ibid.
1150 1877 1245 1919 pag.
1271 1862 1370 1921 24.)
1401 1883 1415 1900 α
1445 1862 1536 1906 Ella
1570 1863 1633 1920 (S.
1672 1864 1749 1922 D.)
1786 1862 1920 1920 penso
1944 1861 1999 1904 ad
2025 1860 2286 1918 aggiungere

792 1943 807 1960 »
836 1922 873 1965 al
908 1937 985 1964 suo
1017 1930 1117 1964 voto
1152 1921 1194 1964 di
1231 1923 1405 1973 Castita,
1444 1923 1577 1981 quelli
1613 1923 1727 1966 della
1750 1924 1946 1981 poverta‚
1983 1938 2006 1964 e
2030 1921 2286 1965 dell’Obbc-

794 2003 810 2021 ι»
837 1982 1007 2031 dienza,
1044 1982 1097 2025 ed
1134 1982 1162 2025 il
1197 1998 1273 2025 suo
1307 1983 1527 2027 Dii-ettore
1560 1983 1676 2041 dopo
1710 1999 1812 2028 aver
1856 1983 1962 2026 fatto
2010 1998 2066 2026 un
2118 1989 2290 2024 maturo

793 2064 808 2081 »
836 2058 981 2086 esame
1013 2042 1142 2099 glielo
1175 2044 1379 2101 permise.
1417 2046 1448 2088 ll
1483 2060 1559 2087 suo
1592 2052 1694 2087 voto
1718 2045 1760 2088 di
1783 2043 2067 2088 Obbedienza
2090 2042 2123 2085 si
2158 2042 2290 2099 ripor-

791 2125 807 2144 »
836 2112 930 2147 tava
964 2103 1000 2145 al
1035 2120 1112 2146 suo
1148 2105 1379 2155 Direttore,
1417 2106 1457 2148 al
1491 2119 1566 2147 suo
1599 2104 1785 2156 fratello,
1825 2104 1880 2148 ed
1905 2105 1986 2148 alla
2011 2119 2087 2148 sua
2109 2101 2278 2148 sorella,

791 2184 807 2203 »
836 2181 860 2207 a
881 2163 948 2207 cui
971 2164 1059 2207 Ella
1082 2164 1303 2208 obhediva
1335 2165 1516 2209 siccome
1541 2181 1626 2208 una
1650 2164 1766 2223 figlia
1788 2166 1828 2208 ai
1852 2165 1942 2208 suoi
1967 2163 2168 2223 genitori.
2198 2161 2289 2205 Ella

793 2245 809 2264 »
836 2225 948 2274 dice,
985 2224 1062 2267 che
1097 2224 1140 2266 in
1174 2225 1238 2268 cio
1272 2241 1406 2269 aveva
1441 2243 1465 2268 a
1499 2225 1667 2268 sosl'rire
1700 2227 1764 2269 cio
1796 2226 1875 2269 elie
1908 2225 1990 2268 Dio
2024 2242 2069 2269 sa
2089 2259 2098 2276 ‚
2141 2239 2211 2267 ma
2247 2222 2286 2266 la

793 2306 808 2325 ι»
836 2301 911 2328 sua
946 2285 1076 2328 bonta
1109 2284 1169 2328 mi
1194 2293 1377 2329 trattava
1401 2286 1538 2330 anche
1564 2295 1718 2343 troppo
1740 2286 2028 2330 dolcemente.
2055 2288 2101 2328 ln
2125 2290 2290 2344 quanto

793 2346 919 2388 »alla
956 2346 1152 2403 poverta‚
1191 2347 1279 2390 Ella
1315 2362 1402 2390 non
1435 2362 1571 2391 aveva
1606 2362 1685 2404 per
1717 2364 1794 2391 suo
1831 2363 1906 2390 uso
1940 2347 2047 2390 altro
2095 2348 2173 2390 che
2222 2344 2287 2388 cio

794 2427 809 2445 1,
839 2407 918 2449 che
953 2407 992 2449 le
1025 2406 1180 2449 veniva
1214 2408 1316 2451 dato
1350 2408 1404 2451 da
1438 2423 1513 2452 sua
1545 2408 1700 2451 sorella
1734 2408 2059 2452 contentandosi
2088 2407 2156 2450 del
2182 2421 2291 2464 puro

795 2488 811 2506 ι)
839 2467 1092 2510 necessario.
1131 2467 1197 2510 Gli
1230 2468 1353 2512 assari
1386 2468 1458 2512 del
1493 2484 1569 2512 suo
1604 2468 1723 2526 figlio
1756 2484 1888 2512 erano
1915 2470 2009 2512 tutti
2039 2468 2152 2527 posti
2175 2466 2291 2510 nella

797 2548 814 2567 n
842 2528 1138 2571 Provvidenza
1162 2528 1205 2571 di
1230 2530 1313 2573 Dio
1338 2529 1547 2573 trovando
1582 2530 1695 2574 nella
1729 2531 1910 2588 poverta
1944 2530 1987 2573 di
2010 2530 2161 2588 spirito
2183 2526 2288 2571 beni

797 2609 812 2628 a
841 2588 1013 2640 infiniti,
1052 2605 1138 2632 non
1171 2598 1329 2647 poteva
1362 2590 1611 2634 desiderare
1645 2592 1752 2635 altra
1784 2607 1881 2635 cosa
1916 2591 1953 2634 al
1986 2607 2066 2635 suo
2089 2590 2221 2649 figlio,
2246 2587 2292 2632 di

797 2670 813 2689 »
842 2649 1039 2707 guisache
1073 2666 1160 2693 non
1195 2651 1459 2709 travagliava
1493 2652 1546 2695 ne
1582 2667 1659 2710 per
1692 2653 1766 2704 lui,
1804 2652 1860 2695 ne
1894 2667 1971 2709 per
2002 2668 2065 2696 se.
2098 2671 2114 2690 1·

671 2713 778 2756 205.
815 2710 942 2766 Quod
976 2711 1009 2753 si
1054 2720 1217 2755 tantum
1252 2712 1531 2756 Pei-sectionis
1578 2713 1763 2770 gradum
1807 2712 1948 2770 attigit
1988 2710 2294 2771 Temperantia

793 2773 954 2816 Sei-vae
987 2772 1066 2816 Dei
1100 2772 1295 2830 degentis
1329 2773 1469 2817 adhuc
1503 2773 1546 2816 in
1580 2775 1754 2817 saeculo
1789 2774 1832 2817 in
1858 2782 1971 2817 terra
1994 2774 2198 2818 videlicet
2221 2771 2297 2815 de-

790 2841 901 2876 serta
936 2841 978 2875 et
1011 2832 1141 2885 invia,
1180 2841 1220 2876 et
1256 2833 1461 2893 inaquosa
1495 2850 1605 2893 quae
1639 2835 1808 2879 nonnisi
1844 2835 2045 2887 tribulos,
2083 2843 2125 2878 et
2156 2833 2300 2893 spinas

2679 2303 2752 2347 20(
