2632 3552
2040 368 2128 413 403

612 441 865 487 miraculum
902 441 961 484 sie
995 441 1202 486 describit
1235 458 1277 486 (τ’
1299 442 1389 486 {em
1424 443 1540 488 testis
1562 444 1577 486 l
1601 444 1893 488 narrationem
1916 457 2035 487 suam
2071 442 2127 486 ita

612 516 892 563 prosequens:
924 523 941 541 ι
971 503 1062 560 Egti
1098 518 1152 546 ne
1186 502 1311 547 diede
1347 520 1430 548 una
1466 520 1629 562 pruova
1663 505 1976 563 son-prendente
2002 504 2042 547 1ιι
2069 518 2129 546 un

619 585 636 604 ι
664 563 815 622 giorno
848 563 917 606 nel
952 564 1081 621 quale
1115 564 1153 607 la
1190 564 1423 609 medesima
1458 565 1643 609 recavasi
1678 582 1700 608 a
1735 574 1908 623 portare
1942 565 2056 609 della
2085 563 2133 607 li-

619 647 634 665 »
665 624 831 667 mosina
866 640 888 666 ιι
923 624 1119 682 paieeelii
1154 625 1318 682 poveri,
1355 642 1378 669 e
1411 626 1489 670 elie
1524 625 1771 669 trovandosi
1802 642 1890 670 essa
1913 641 2060 684 presso
2084 624 2130 669 di

622 707 637 724 »
664 700 750 728 una
784 692 967 727 carretta
1004 684 1042 728 la
1075 686 1203 746 quale
1237 686 1267 729 si
1302 686 1493 731 cai-icava
1514 720 1523 737 ,
1562 686 1601 730 la
1633 702 1709 730 5ιιιι
1749 695 1868 730 veste
1911 685 2127 730 essendosi

622 753 870 790 »attaeeata
904 745 941 787 al
979 745 1155 797 timone,
1194 746 1445 791 iialzandosi
1472 747 1511 790 la
1535 754 1732 797 c1··‚u¹etta
1760 747 1841 790 ella
1868 762 2006 791 venne
2034 745 2131 790 ha!-

623 829 637 846 ι
667 814 759 850 7,ιι1ιι
793 805 924 848 molto
960 805 1000 848 in
1035 806 1118 849 alto
1162 807 1357 851 cadendo
1405 816 1731 865 pesantemente
1771 808 1835 850 sul
1882 808 2018 849 suolo.
2073 807 2131 849 Le

623 889 638 907 ι
667 866 782 926 genti
816 866 893 909 che
928 882 1013 916 non
1046 867 1269 912 l’avevano
1303 869 1462 913 veduta
1497 869 1552 912 da
1586 868 1794 926 principio
1828 868 1866 911 la
1889 867 2133 911 eredettero

320 948 325 980 ι
625 950 640 968 ι
668 937 823 978 morta,
862 942 931 970 ma
965 942 1053 970 essa
1089 928 1242 972 rimase
1275 944 1397 972 senza
1433 929 1556 973 alcun
1592 929 1751 979 danno,
1790 943 2010 987 persuasa,
2048 927 2135 970 sie—

276 1007 287 1025 ·
322 986 326 1038 J
623 1010 639 1029 ι
668 1004 790 1032 come
823 988 913 1031 Ella
947 987 1058 1038 dice,
1096 988 1175 1032 eho
1210 989 1248 1032 la
1281 989 1577 1033 Provvidenza
1612 990 1789 1033 l’aveva
1823 996 2079 1032 conservata
2114 1004 2138 1030 a

628 1070 643 1088 ι»
674 1049 836 1092 ιιιοιίνο
869 1049 938 1092 dei
973 1048 1138 1106 poveri.
1172 1068 1188 1087 ι»
1215 1050 1382 1093 Novum
1418 1065 1520 1093 sane
1542 1083 1551 1100 ,
1602 1059 1643 1093 et
1676 1051 1833 1093 mirum
1868 1048 1986 1108 quod
2021 1051 2139 1092 Deus

618 1110 671 1154 ad
707 1109 1082 1166 comprobandam
1118 1110 1331 1153 actionem
1367 1127 1477 1169 quae
1501 1125 1554 1153 ex
1579 1118 1722 1153 mente
1746 1110 1994 1153 Advenfflsanii
2017 1123 2135 1152 sum-

618 1186 735 1215 mam
771 1169 937 1213 redolet
973 1170 1309 1227 imprudentiam
1346 1171 1599 1215 miraculum
1635 1171 1687 1213 511
1725 1179 1941 1240 ope-1atus.
1985 1169 2137 1213 Nescio

620 1232 813 1290 prolecto
846 1231 954 1289 quid
989 1231 1040 1274 sit
1074 1231 1378 1282 admiratione,
1415 1240 1456 1275 et
1491 1240 1664 1289 stupoie
1697 1231 1833 1289 magis
1855 1230 2038 1288 dignum
2062 1229 2141 1272 mi·

620 1292 812 1335 taculum
848 1308 869 1334 ιι
904 1294 998 1335 Deo
1033 1299 1249 1348 patratum
1285 1292 1365 1335 hoe
1389 1292 1429 1335 in
1456 1308 1568 1343 casu,
1597 1292 1650 1336 ad
1673 1291 2017 1335 confirmandam
2042 1290 2141 1334 cha-

621 1353 790 1396 ritatem
826 1353 984 1396 Servae
1018 1354 1157 1403 Suae,
1196 1369 1246 1396 an
1284 1368 1386 1396 vero
1420 1352 1752 1397 Animadversio
1785 1351 1984 1397 Censoris
2019 1351 2133 1394 illam

620 1412 908 1471 reprobantis.

711 1475 815 1517 126.
838 1473 957 1517 Sed.-
960 1489 1000 1516 ex
1019 1473 1099 1517 alio
1118 1473 1246 1516 etiam
1265 1474 1401 1532 capite
1419 1475 1520 1518 dicti
1540 1474 1814 1533 laigitionum
1836 1487 2032 1518 excessus
2051 1487 2137 1515 non

623 1535 827 1578 videntur
861 1534 1136 1592 improbandi
1170 1534 1270 1592 quia
1306 1534 1503 1578 videlieet
1538 1535 1615 1578 hoc
1650 1535 1863 1593 piaestitit
1897 1536 2030 1579 Serva
2055 1531 2140 1576 Dei

621 1596 693 1640 vix
728 1611 775 1638 ac
810 1594 1035 1638 infantiam
1071 1604 1338 1644 excesserat,
1377 1596 1573 1639 nondum
1608 1597 1769 1665 quippe
1803 1595 1859 1639 ad
1897 1594 2140 1638 seeundum

624 1655 774 1700 aetatis
808 1655 989 1698 lustrum
1027 1665 1295 1712 pervenerat.
1324 1629 1411 1698 lloe
1432 1670 1625 1713 namque
1647 1657 1813 1699 eruitur
1836 1672 1889 1698 ex
1914 1655 2005 1712 ipsa
2034 1661 2141 1696 teste

620 1733 729 1776 quae
763 1717 976 1759 disserens
1009 1716 1063 1758 de
1097 1715 1238 1772 prima
1272 1717 1430 1760 Sorvae
1467 1717 1547 1758 Dei
1582 1724 1721 1758 aetate
1745 1716 1848 1759 haee
1872 1716 2020 1759 habet:
2054 1735 2068 1751 α
2095 1713 2140 1758 Si

629 1799 644 1816 n
675 1794 747 1821 era
785 1776 893 1835 presi
927 1776 983 1820 da
1018 1775 1321 1819 ammirazione
1356 1776 1468 1819 nello
1502 1793 1696 1834 seorgere
1732 1792 1814 1820 una
1858 1775 2058 1819 fanciulla
2096 1774 2140 1817 di

628 1859 642 1876 n
674 1853 802 1887 nove,
840 1853 863 1878 0
897 1837 1008 1879 dieei
1041 1837 1141 1878 anni
1177 1835 1387 1879 ric-meme
1411 1837 1480 1880 dei
1506 1837 1653 1895 luoghi
1680 1837 1851 1889 remoti,
1880 1837 1997 1879 (lelle
2015 1835 2140 1879 Chio-

629 1920 645 1938 »
672 1914 715 1942 se
751 1913 878 1940 meno
914 1897 1200 1955 frequentate,
1238 1912 1261 1939 e
1294 1897 1411 1955 quivi
1438 1913 1618 1955 passava
1643 1914 1726 1941 una
1749 1871 1894 1941 buoiia
1925 1905 2047 1955 parte
2072 1896 2141 1939 del

630 1980 646 1999 ι
675 1959 824 2017 giorno
859 1974 880 2001 a
914 1972 1171 2000 eonverwsaic
1204 1973 1280 2000 con
1316 1958 1415 2001 Dio.
1448 1979 1463 1996 n
1492 1961 1593 2002 Post
1625 1975 1736 2017 quae
1770 1959 1900 2001 ι···-([οι1
1939 1973 1989 2000 ea
2031 1972 2143 2017 quae

623 2036 723 2064 mox
744 2018 871 2062 retuli
896 2018 950 2062 (le
974 2017 1274 2076 largitionibus
1298 2018 1378 2061 illis
1404 2018 1529 2062 nimis
1563 2020 1766 2078 prodigis,
1794 2029 1834 2063 et
1857 2019 1913 2063 de
1937 2017 2143 2061 miraculo

625 2098 649 2124 ιι
682 2083 774 2124 Deo
810 2080 851 2122 in
886 2079 1211 2122 confirmatione
1246 2079 1412 2122 ille-uum
1448 2088 1631 2137 patrato.
1669 2083 1731 2123 Ex
1765 2096 1852 2138 quo
1875 2079 2069 2137 prolecto
2094 2078 2143 2121 li-

624 2150 742 2200 quet‚
780 2140 898 2198 quod
932 2140 1010 2183 etsi
1045 2140 1136 2183 (lari
1176 2141 1317 2190 vellet,
1368 2140 1520 2199 (quod
1569 2141 1748 2184 minimi
1795 2139 2143 2209 praestabimus)

627 2203 814 2261 aliquem
852 2200 1108 2258 prudentiae
1141 2201 1436 2244 oeconomicae
1471 2202 1512 2244 in
1548 2202 1671 2245 dietis
1695 2201 1995 2258 lz·u⁰·itionibus
2019 2200 2146 2243 nimis

626 2263 818 2322 prodigis
852 2261 1067 2305 dilectum
1101 2263 1278 2306 Servam
1316 2261 1395 2304 Dei
1431 2263 1722 2314 admisiss1‚F
1693 2262 1843 2306 Fidem
1881 2271 2024 2305 tamen
2059 2277 2143 2304 non

626 2338 715 2367 esse
748 2323 899 2380 cnlpae
931 2322 1191 2366 vertendum
1230 2330 1379 2380 utpote
1415 2323 1453 2365 in
1493 2332 1639 2367 tenera
1674 2323 1814 2367 adhuc
1847 2331 1986 2366 aetate
2034 2337 2142 2365 con-

626 2385 814 2434 stitutae,
838 2383 955 2442 quod
990 2384 1060 2425 vix
1085 2391 1193 2426 esset
1216 2383 1447 2426 dicendum
1482 2384 1516 2427 si
1544 2384 1583 2426 in
1610 2394 1776 2427 matura
1800 2392 1939 2427 aetate
1964 2383 2006 2426 id
2031 2382 2150 2425 fecis-

628 2451 706 2495 set,
724 2453 854 2502 atque
887 2444 1014 2487 etiam
1040 2443 1072 2486 si
1095 2459 1145 2487 eo
1165 2451 1360 2502 tempore
1384 2460 1470 2502 quo
1493 2445 1708 2489 Praesidis
1733 2460 1915 2488 munere
1939 2444 2148 2501 fungeba-

628 2513 711 2549 tur.
734 2505 818 2549 Sed
853 2504 1077 2548 videamus
1098 2504 1205 2563 quid
1240 2505 1390 2547 ultimo
1424 2505 1514 2548 loco
1549 2505 1720 2549 obiiciat
1753 2507 1917 2549 Censor
1952 2512 2111 2547 noster.

715 2567 819 2609 ¹127.
837 2567 929 2622 lpse
950 2566 1083 2624 igitur
1107 2567 1146 2608 in
1174 2581 1245 2608 sua
1269 2566 1439 2608 solertia
1463 2566 1760 2623 sagacissimus
1783 2581 1879 2609 eum
1904 2565 2009 2608 nihil
2031 2564 2149 2608 aliud

628 2627 805 2670 haberet.
840 2626 959 2685 qnod
995 2636 1132 2684 posset
1170 2641 1407 2684 opponere,
1446 2627 1523 2670 hoc
1556 2627 1761 2684 effugium
1795 2627 2021 2684 amplexus
2055 2634 2143 2676 est,

628 2687 847 2739 videlieet,
884 2687 1002 2745 quod
1036 2702 1131 2730 cum
1170 2687 1298 2730 modo
1332 2686 1387 2729 de
1410 2688 1618 2746 signanda
1641 2687 1953 2732 Commissione
1977 2694 2143 2744 agatur,

629 2764 712 2791 non
746 2757 890 2791 autem
925 2748 980 2791 de
1017 2747 1244 2791 virtutibus
1278 2748 1457 2792 heroicis
1491 2749 1681 2793 senei-ius
1714 2747 2027 2798 diiudicandis,
2065 2747 2149 2790 alia

627 2824 738 2868 quae
770 2808 872 2852 addi
907 2817 1077 2866 possent
1113 2809 1173 2868 (et
1209 2816 1351 2853 tamen
1388 2825 1470 2852 non
1496 2809 1703 2868 existunt)
1730 2809 1924 2853 consulto
1951 2816 2151 2866 praeter—

629 2870 816 2913 mittam.
857 2870 1017 2913 Verum
1053 2870 1130 2913 hoc
1164 2869 1417 2914 antmadvei
1423 2880 1485 2914 tit
1509 2870 1823 2929 lnquirendum
1855 2878 2000 2913 tamen
2020 2876 2147 2921 esset,
2185 2863 2395 2908 Animad-

628 2931 744 2974 iuxta
780 2931 940 2973 Urbani
975 2932 1071 2975 Vlll
1106 2931 1312 2982 decreta,
1360 2931 1416 2975 de
1460 2932 1584 2975 obitu
1621 2931 1752 2989 ipsius
1785 2931 1943 2975 Sorvae
1978 2931 2059 2974 Dei
2095 2945 2147 2973 an
2215 2927 2243 2988 S
2280 2926 2355 2969 ’19

630 2991 759 3036 fuerit
790 2992 946 3036 seilicet
989 2992 1259 3035 sancli‘moma
1293 3001 1469 3036 notatus.
1523 2994 1581 3037 At
1628 2993 1783 3036 frustra
1826 2992 1930 3036 haec
1964 2991 2007 3034 in
2047 2990 2150 3035 actis
