2616 3568
1983 271 2042 314 75

534 337 616 381 sibi
641 353 812 396 prorsus
839 340 1011 398 ignotis,
1038 342 1159 386 sicuti
1183 356 1285 384 sunsv
1310 342 1393 385 vlia
1428 341 1622 400 mystica,
1644 340 1830 384 visiones
1858 347 1899 382 et
1921 355 2055 399 appa-

536 398 711 442 ritiones
729 413 839 458 quae
862 402 894 443 si
914 401 1091 445 cuilibet.
1116 402 1277 445 homini
1297 402 1518 460 prophano
1537 400 1784 459 insipientia
1806 415 1855 443 ac
1876 401 2054 444 stultitia

535 458 754 511 videntur,
776 462 1131 520 quandoquidem
1157 464 1287 505 Aeter
1302 477 1368 506 iae
1388 464 1578 506 veritatis
1600 462 1773 505 oraculo
1795 485 1824 493 —
1846 461 2056 505 Animalis

535 520 666 563 homo
684 536 768 563 non
791 522 972 579 percipit
990 538 1038 565 ea
1056 537 1171 581 quae
1187 523 1484 581 suntSpiritus
1498 524 1618 566 Dei-
1636 522 1677 565 id
1723 538 1776 566 eo
1796 524 1860 566 vel
1894 522 2047 581 magis,

539 589 582 623 et
615 581 768 639 potiori
805 583 897 625 iure.
942 582 1027 625 dici
1062 583 1195 626 debet
1228 583 1283 626 de
1317 583 1562 627 huiusmodi
1599 598 1709 626 vano
1737 584 1941 641 scriptore
1974 583 2049 642 qui

540 640 708 684 Parisiis
762 641 922 700 degens
973 643 1083 686 inter
1131 644 1398 687 Volterianos
1445 645 1623 703 eiusque
1668 643 1843 688 furfuris
1883 644 2048 701 pseudo

540 701 815 759 philosophos
846 716 1040 747 versatus
1090 704 1233 762 impiis
1276 720 1424 748 eorum
1459 705 1624 764 placitis
1656 703 1795 748 fuerat
1840 705 2048 748 imbutus.

540 762 663 817 Quod
698 762 874 822 quidem
909 780 962 807 ex
997 765 1086 822 ipso
1122 773 1227 808 teste
1259 774 1375 809 certo
1408 767 1563 809 certius
1596 765 1822 808 innotescit
1854 765 1925 824 qui
1960 773 2057 824 post

538 822 672 865 verba
694 823 752 865 ab
768 825 1023 868 Adversario
1045 826 1167 869 nobis
1185 826 1351 869 obiecta
1376 826 1624 870 immediate
1640 824 1743 868 baec
1761 825 1842 869 alia
1862 825 2053 883 protulit,

544 901 561 921 e
591 883 742 927 alcune
780 901 959 942 persone
993 888 1097 930 assai
1130 886 1249 930 dotte
1285 887 1341 930 mi
1376 887 1538 931 dissero
1570 887 1647 930 elie
1678 886 1744 929 cio
1779 901 1860 943 pur
1900 886 2056 929 veniva

547 963 563 980 n
590 944 797 988 dall’aver
832 947 920 1002 Egti
956 948 1226 1005 soggiornato
1261 965 1283 991 a
1318 948 1456 1007 Parigi
1493 949 1534 991 in
1570 962 1710 991 mezzo
1760 947 1799 989 ai
1843 946 2058 990 Volteria-

547 1022 564 1041 υ
593 1004 653 1046 ni.
681 1025 696 1042 υ
736 1006 853 1060 Quid
891 1023 993 1063 ergo
1034 1009 1208 1058 mirum,
1256 1008 1372 1068 quod
1416 1009 1513 1052 talia
1546 1007 1760 1065 scripserit
1794 1006 1849 1050 de
1885 1007 2062 1065 mystica

541 1064 699 1108 Sei-vae
746 1066 824 1109 Dei
859 1068 944 1111 vita
988 1077 1135 1111 auctor
1178 1069 1254 1111 iste
1290 1069 1559 1112 Volterianae
1592 1076 1730 1111 sectae
1763 1068 1912 1112 saltem
1953 1084 2063 1126 pro-

541 1139 711 1183 pensus,
741 1126 773 1168 si
807 1143 956 1171 eorum
992 1129 1294 1186 ant‹.·signanus
1330 1129 1634 1173 abominabilis
1667 1128 1898 1171 Voltairius
1932 1143 2062 1172 vene-

543 1185 677 1229 randa
713 1187 944 1246 Religionis
992 1198 1160 1233 nostrae
1194 1190 1394 1248 dogmata
1417 1225 1426 1241 ‚
1466 1207 1512 1234 ac
1545 1189 1749 1248 mysteria
1798 1188 2063 1232 sanctissima

542 1245 752 1291 diabolica
803 1250 1025 1307 impietate
1074 1266 1247 1309 semper
1297 1251 1441 1300 irrisit.
1488 1266 1565 1294 nec
1613 1265 1766 1293 eorum
1816 1250 2053 1293 Fundatori

544 1308 819 1352 Sanctissimo
849 1311 1053 1369 sacrilega
1104 1312 1215 1355 illius
1263 1312 1408 1369 lingua
1458 1311 1674 1371 pepercit?
1724 1311 1877 1354 Mirum
1913 1310 2057 1369 potius

544 1367 680 1411 videri
717 1379 855 1426 posset
885 1373 917 1414 si
956 1380 1070 1416 recte
1104 1372 1160 1416 de
1209 1373 1337 1416 rebus
1387 1372 1630 1416 huiusmodi
1682 1372 1800 1415 idem
1841 1371 2058 1418 sensisset,

544 1444 590 1471 ac
624 1429 914 1474 favorabiliter
949 1433 1114 1476 locutus
1149 1433 1307 1477 suisset.
1344 1433 1470 1489 Quod
1506 1442 1648 1477 tamen
1702 1432 1849 1475 fecisse
1896 1439 2064 1476 constat

544 1488 605 1531 uti
640 1490 720 1532 iam
755 1491 959 1536 adnotavi
1002 1494 1332 1552 spectatissimos
1381 1494 1594 1538 doctrina.
1649 1510 1696 1536 ae
1743 1493 1902 1551 pietate
1951 1492 2066 1535 viros

542 1549 777 1595 cuiusmodi
813 1553 1003 1610 profecto
1035 1570 1130 1597 sum
1168 1554 1436 1598 celeberrimi
1474 1554 1682 1598 Ecclesiae
1715 1553 1934 1598 Praesules
1968 1554 2059 1595 Fe-

544 1610 686 1659 nelon‚
712 1621 753 1654 et
790 1614 981 1665 Bossuet‚
1020 1615 1205 1673 insignes
1238 1615 1495 1658 discretione
1528 1615 1756 1672 spirituum
1792 1630 1816 1657 e
1859 1614 2064 1657 societate

543 1671 637 1714 lesu
659 1673 805 1716 Patres
829 1674 1083 1725 Lauernam,
1113 1676 1285 1718 Dablou
1308 1676 1579 1725 (lliarlevoix,
1606 1676 1886 1733 Lempewur,
1907 1673 2067 1717 doctis-

542 1731 636 1774 simi
674 1734 898 1790 presbiteri
937 1737 1105 1793 limen-y,
1148 1736 1326 1786 Faillon‚
1364 1739 1542 1786 Somou,
1596 1734 1875 1778 eruditissimi
1927 1734 2063 1777 bisto-

544 1791 616 1834 rici
651 1794 802 1841 Feller.
842 1797 1071 1846 Pei-eones,
1111 1813 1158 1839 ae
1210 1812 1311 1855 prae
1354 1797 1533 1839 caeteris
1580 1795 1814 1839 venerandi
1865 1794 2065 1852 Episcopi

545 1852 610 1894 De
645 1854 790 1906 Laval,
827 1872 873 1898 ac
909 1857 1059 1900 l'lessis
1090 1857 1165 1915 qui
1201 1872 1351 1900 omnes
1403 1865 1444 1899 et
1487 1857 1568 1900 Dei
1610 1857 1838 1900 Famulam
1883 1855 2064 1913 plurimi

547 1913 754 1965 fecerunt,
792 1924 831 1959 et
866 1917 1090 1974 mysticam
1128 1917 1241 1960 lllius
1275 1918 1405 1960 vitam
1432 1917 1680 1976 plenissime
1703 1918 2061 1975 comprobarunt,

546 1983 587 2017 et
619 1977 796 2019 summis
831 1977 1031 2021 laudibus
1064 1978 1327 2028 extulerunt,
1364 1978 1436 2021 sed
1486 1979 1541 2022 (le
1591 1978 1668 2021 hoe
1712 1978 1827 2022 satis.
1881 1985 1923 2020 et
1966 1977 2066 2020 bre—

549 2036 657 2080 viter
693 2037 998 2096 investigemus
1031 2039 1136 2097 quid
1175 2038 1450 2096 praeseferat.

1067 2159 1252 2202 CAPUT
1286 2159 1531 2203 'rEnTtUM

1098 2274 1177 2324 De
1215 2273 1525 2324 obstaculis.

674 2401 775 2444 102.
807 2404 1050 2461 Antequam
1087 2417 1190 2446 vero
1224 2401 1468 2460 singillatim
1521 2400 1573 2444 ad
1622 2417 1671 2445 ea
1720 2416 1833 2459 quae
1867 2399 1910 2443 in
1945 2415 2069 2459 prae-

550 2468 668 2503 sente
701 2462 842 2520 capite
875 2463 1057 2521 opponit
1090 2463 1432 2507 Animadversor
1455 2461 1652 2521 egregius
1674 2461 1961 2519 respondeam
1988 2461 2069 2504 boe

549 2521 741 2565 breviter
774 2523 1072 2567 adnotandum
1108 2539 1276 2575 cense03
1304 2523 1422 2583 quod
1455 2539 1554 2568 cum
1590 2531 1705 2566 tanta
1753 2521 1809 2565 sit
1841 2522 2062 2566 evidentia

552 2582 804 2627 existentiae
839 2586 996 2628 Famae
1029 2584 1276 2630 Sanctitatis
1313 2585 1424 2627 vitae
1457 2583 1622 2628 Sororis
1645 2582 1806 2627 Mariae
1841 2584 1897 2626 ab
1930 2584 2066 2626 lncar-

556 2644 743 2694 natione,
773 2654 914 2689 tantus
950 2646 1160 2690 virtutum
1198 2646 1293 2688 Eius
1340 2661 1387 2688 ac
1435 2660 1722 2704 supernorum
1757 2643 2070 2687 charismatum

555 2704 692 2762 fulgor
727 2714 769 2749 ut
807 2707 1002 2750 omnium
1039 2708 1184 2750 oculos
1217 2706 1496 2749 veliementer
1530 2706 1787 2764 perstringat
1821 2704 1918 2748 bine
1951 2719 2071 2748 sum-

555 2779 731 2822 mopere
766 2767 1114 2811 adlaborandum
1152 2767 1300 2810 Eidem
1336 2766 1585 2810 adversario
1609 2775 1759 2810 nostro
1784 2765 1863 2809 suit
1884 2774 1929 2809 ut
1954 2780 2070 2809 non-

556 2827 692 2877 nulla,
720 2843 856 2886 eaque
890 2845 1042 2887 pauca,
1069 2837 1110 2871 et
1146 2829 1360 2872 levissima
1396 2827 1616 2871 obstacula
1669 2835 1922 2886 congereret
1953 2841 2068 2885 quae

563 2887 771 2944 prolecto,
801 2897 845 2932 ut
878 2905 929 2933 ex
964 2890 1160 2933 dicendis
1185 2889 1345 2947 patebit
1370 2889 1478 2947 quin
1501 2889 1777 2948 splendorem
1802 2888 1942 2933 dictae
1963 2889 2071 2932 San-
