2656 3568
1965 248 2024 291 53

513 335 598 380 que
632 318 716 361 ium
752 317 942 361 extitisse
992 321 1271 378 popularem,
1307 336 1381 364 seu
1427 320 1483 363 ad
1532 335 1805 364 communem
1844 321 2032 378 populo—

509 396 602 424 rum
639 378 836 422 notitiam
872 386 962 422 tum
998 395 1153 426 nomen
1194 390 1285 425 tum
1320 381 1511 424 heroicus
1545 382 1701 425 Seu-vae
1737 380 1816 424 Dei
1853 380 2028 425 virtutes

513 440 778 500 pervenisse.

632 502 707 545 82.
746 502 853 545 Hine
888 501 945 545 ni!
981 502 1137 546 mirum
1185 503 1302 562 quod
1339 503 1452 546 idem
1492 502 1607 546 testis
1653 503 1708 546 ita
1758 502 2028 560 responderit

511 563 793 620 interrogatus
818 562 873 606 de
898 564 1052 607 actuali
1076 564 1319 608 sanctitatis
1342 566 1502 608 Sei-vae
1527 563 1607 607 Dei
1631 565 1875 607 Fuxua.«La
1897 565 2030 607 Fama

517 645 531 662 ι
563 623 721 668 attuale
744 623 789 666 di
812 625 979 669 Santitin
1004 624 1115 669 detta
1138 627 1269 670 Serva
1286 625 1329 669 di
1357 624 1438 668 Dio
1463 625 1518 667 mi
1554 625 1724 667 sembra
1759 624 1904 682 giunta
1928 642 1950 668 a
1976 625 2032 669 tul

517 706 532 725 n
563 693 695 743 punto
718 684 795 728 che
820 685 914 728 tutti
942 686 950 728 i
975 686 1090 729 euori
1117 686 1157 729 in
1182 686 1280 743 ogni
1307 693 1427 743 parte
1451 685 1715 736 desiderium,
1743 685 1798 728 ed
1834 686 2027 729 attenda-

520 768 535 784 ι
565 762 619 789 no
646 746 681 788 ia
705 745 923 789 conferma
948 747 1060 791 <totta
1094 748 1225 791 Sunta
1260 747 1425 791 Chiesu.
1453 747 1483 789 ΙΙ
1508 762 1583 790 suo
1609 762 1734 789 nome
1772 762 1855 789 non
1890 747 1979 789 solo
2013 746 2037 789 e

520 828 535 846 ι
563 806 807 851 eonoseiuto
830 841 841 855 ,
879 823 999 851 come
1041 808 1108 866 giu
1145 809 1187 850 in
1221 808 1314 851 altri
1351 808 1483 865 tempi
1529 807 1627 850 n‹·tt’
1649 807 1817 857 antica,
1856 822 1878 849 e
1924 807 2037 850 netta

519 883 706 911 »nuova
741 868 951 920 Francia,
989 872 1089 920 mir,
1130 870 1324 912 invocato
1367 885 1443 912 eon
1494 884 1640 911 umore
1674 885 1696 911 e
1749 867 1902 911 {idueiu
1952 867 2040 910 nel-

519 949 536 968 »
567 928 809 973 t’Amffl-ica
844 929 912 972 det
950 930 1063 975 Nord
1098 946 1121 973 e
1157 929 1267 972 nette
1302 930 1427 981 isole,
1466 929 1564 972 nett'
1592 930 1792 972 American
1821 929 1891 972 dot
1927 927 2035 978 sud,

520 1010 536 1029 ι
566 990 678 1033 nelle
702 988 874 1032 diverse.
897 989 1100 1034 contrade
1126 990 1417 1047 dell’Europa,
1440 1006 1462 1033 e
1485 990 1571 1033 sino
1592 989 1885 1034 neii'Oceania
1913 1004 2038 1032 come

520 1072 534 1089 n
567 1052 606 1094 Ιο
640 1066 832 1109 provano
889 1051 926 1093 ie
974 1059 1116 1095 1102-:tre
1163 1051 1380 1093 relazioni.
1429 1072 1444 1089 n
1485 1051 1683 1109 Denique
1722 1050 1876 1093 eudem
1924 1049 2041 1093 testis

516 1120 662 1170 rogata
696 1127 748 1154 an
784 1112 913 1154 etiam
952 1128 1063 1155 nune
1096 1113 1229 1155 Serva
1274 1112 1355 1155 Dei
1406 1111 1594 1169 potiatur
1646 1113 1775 1155 Fama
1827 1110 2041 1168 perfectae

517 1172 756 1230 Religiosae
790 1188 902 1232 quae
940 1174 1116 1216 virtutes
1150 1187 1298 1215 omnes
1332 1172 1502 1215 heroico
1545 1173 1586 1214 in
1621 1172 1756 1230 gradu
1801 1171 2040 1215 exercuerit

516 1232 738 1292 respondit
774 1241 817 1276 ut
853 1235 1071 1293 sequitur:
1112 1255 1127 1272 ι
1159 1233 1356 1277 Seeondo
1389 1240 1551 1291 quanto
1591 1233 1643 1277 ho
1678 1234 1798 1283 letto,
1825 1232 1879 1276 ed
1906 1231 2041 1275 inteso

523 1315 536 1331 υ
568 1295 607 1338 la
642 1294 788 1338 Madre
822 1293 920 1338 dett'
936 1295 1236 1339 tncarnazhm
1258 1294 1281 1337 e
1305 1302 1412 1337 stata
1434 1309 1607 1351 seinpre
1631 1294 1871 1337 eonoseiutu
1895 1309 1918 1335 e
1945 1309 2043 1336 con-

523 1376 538 1394 ·
566 1355 749 1398 sidet-ata
783 1371 905 1399 come
932 1373 986 1400 un
1013 1355 1199 1414 perfetto
1235 1355 1422 1399 modello
1445 1353 1559 1398 delle
1586 1355 1658 1412 piu
1693 1354 1902 1398 eminenti
1928 1353 2043 1397 virtil

523 1436 539 1454 ι»
567 1431 690 1460 come
714 1416 927 1475 religiosa,
952 1434 974 1461 e
998 1417 1040 1461 di
1066 1418 1154 1460 zeto
1173 1416 1419 1475 Apostolico
1437 1432 1559 1459 come
1583 1417 1873 1460 ()1·sotina.tto
1898 1429 2043 1473 spesso

524 1498 538 1514 ι»
572 1477 707 1520 inteso
740 1477 972 1530 discutere,
1010 1494 1053 1521 se
1087 1480 1186 1522 Essa
1222 1478 1351 1521 abbia
1384 1478 1428 1523 di
1467 1477 1712 1535 presel-enzu
1749 1476 1903 1534 meglio
1928 1490 2045 1518 eser-

528 1559 541 1576 ·
571 1537 698 1581 citata
734 1554 813 1581 una
853 1539 963 1582 virtu
1000 1538 1274 1597 particolure‚
1315 1555 1382 1582 ma
1419 1554 1488 1582 era
1532 1538 1768 1582 necessario
1812 1536 2043 1580 convenire

528 1619 543 1637 »
572 1599 649 1642 che
686 1607 793 1642 tutte
827 1599 866 1642 le
902 1600 1015 1643 virtu
1059 1616 1164 1644 sono
1209 1606 1315 1643 state
1350 1600 1404 1643 du
1438 1601 1538 1643 Essa
1586 1600 1790 1658 pratirute
1825 1599 1866 1641 in
1910 1597 2045 1655 grado

526 1680 540 1697 ι
570 1660 726 1702 eroice.
761 1681 774 1698 ι,
815 1660 929 1715 Quid
965 1659 1082 1719 quod
1115 1662 1220 1704 haee
1255 1661 1406 1704 eadem
1443 1660 1557 1703 testis
1594 1661 1851 1716 interrogata
1894 1657 2043 1716 quoad

519 1720 725 1778 originem
762 1736 866 1764 suae
899 1721 1151 1779 cognitionis
1185 1721 1325 1765 dietae
1359 1722 1519 1765 Famae
1553 1722 1809 1772 Sanctitatis,
1833 1728 1875 1763 et
1899 1736 1923 1762 a
1953 1718 2047 1776 qui-

519 1782 599 1825 bus
637 1782 829 1839 personis
865 1782 1142 1827 traditionem
1177 1798 1291 1841 quae
1326 1782 1380 1826 de
1414 1782 1487 1826 ttta
1520 1792 1612 1825 erat
1645 1782 1875 1839 accepisset
1895 1780 1953 1823 ita
1978 1795 2044 1824 re-

520 1842 720 1901 spondit:
754 1865 767 1880 «
794 1844 887 1887 Non
924 1843 1092 1887 ricordo
1128 1844 1440 1902 precisamente
1476 1844 1499 1886 1’
1525 1858 1656 1900 epoea
1692 1843 1801 1886 nella
1834 1841 1960 1901 quale
1986 1840 2041 1884 ho

528 1925 541 1942 n
573 1904 834 1947 eomineiato
868 1905 923 1948 ad
958 1920 1061 1948 aver
1093 1904 1341 1963 cognizioue
1374 1905 1487 1949 della
1511 1906 1644 1949 Serva
1676 1904 1721 1948 (Ιί
1757 1903 1856 1954 Dio,
1879 1902 1945 1945 cio
1969 1901 2048 1945 che

528 1985 544 2003 ι
575 1965 630 2007 ni'
650 1963 803 2009 induce
838 1982 861 2008 a
895 1965 1074 2009 eredere
1106 1966 1184 2010 che
1220 1965 1258 2008 io
1293 1981 1347 2008 ne
1369 1966 1501 2010 abbia
1525 1966 1657 2009 inteso
1683 1964 1849 2023 pariare
1868 1963 1927 2007 tin
1952 1961 2047 2006 dal-

531 2047 546 2064 »
572 2025 777 2068 t'int'anzu
815 2026 927 2070 nella
960 2043 1054 2070 casa
1088 2034 1284 2085 paterna.

645 2087 719 2129 83.
765 2108 781 2126 ι
808 2087 1007 2131 Tuttoeio
1031 2087 1107 2131 che
1135 2088 1175 2131 io
1211 2088 1265 2131 ho
1301 2087 1475 2137 veduto,
1500 2087 1554 2131 ed
1581 2088 1714 2131 iuteso
1749 2086 1863 2145 dopo
1898 2086 1927 2129 it
1961 2085 2048 2129 mio

531 2168 545 2185 ι
578 2147 766 2204 ingresso
803 2148 844 2191 in
880 2156 1028 2206 questa
1063 2150 1168 2192 Casa
1202 2165 1275 2191 eru
1309 2148 1353 2191 di
1390 2149 1445 2191 tui
1484 2157 1630 2192 nutura
1666 2148 1722 2192 da
1758 2147 1971 2206 ispirarmi
2008 2147 2047 2190 la

533 2230 545 2246 »a
578 2208 650 2265 piu
684 2209 848 2266 grande
885 2210 1165 2253 venei-azione
1216 2226 1291 2267 per
1325 2210 1365 2253 la
1411 2212 1546 2254 Serva
1578 2209 1622 2253 di
1656 2209 1757 2252 Dio.
1811 2210 1873 2252 110
1907 2223 2048 2252 cono-

531 2290 547 2307 »
576 2269 710 2312 seiuto
758 2278 821 2313 tre
870 2271 1005 2314 Suore
1055 2271 1230 2314 unziane
1265 2270 1292 2313 il
1325 2272 1393 2314 cui
1430 2271 1617 2329 ingresso
1650 2271 1689 2314 a!
1725 2270 1946 2313 Noviziuto
1985 2267 2050 2311 ri-

532 2352 546 2368 »
579 2338 780 2374 inontava
816 2331 1056 2375 ail'uitirno
1105 2332 1274 2381 secolo,
1313 2332 1368 2376 ed
1419 2332 1527 2375 atu-e
1576 2331 1685 2375 dieci
1721 2331 1800 2375 che
1839 2331 1880 2374 vi
1914 2345 2047 2374 erano

533 2412 549 2430 »
577 2399 743 2434 enti-ate
779 2394 848 2435 nei
886 2393 1012 2450 primi
1050 2393 1149 2436 unni
1185 2392 1255 2436 del
1288 2393 1428 2436 secolo
1464 2401 1660 2451 presente
1683 2426 1692 2443 ‚
1736 2392 1821 2436 due
1855 2392 1900 2436 di
1933 2406 2049 2449 que-

534 2472 550 2491 »
578 2459 641 2495 ste
678 2453 828 2497 ultime
868 2470 972 2497 sono
1015 2469 1169 2497 ancora
1206 2454 1384 2497 viventi.
1427 2455 1588 2510 Queste
1622 2454 1674 2497 ho
1710 2453 1845 2497 inteso
1880 2452 2049 2510 pariare

535 2534 549 2550 »
581 2512 693 2557 detta
737 2523 881 2557 nostru
918 2515 1176 2560 Venerabile
1229 2515 1373 2558 Maure
1417 2531 1496 2558 eon
1536 2515 1784 2560 sentimenti
1818 2514 1932 2558 delia
1970 2511 2044 2570 piu

537 2595 552 2612 ι
579 2584 882 2618 conn'novente
917 2578 1216 2626 venen-azimo,
1237 2591 1261 2618 e
1290 2576 1404 2620 della
1440 2576 1513 2634 piil
1557 2576 1706 2619 intiera
1741 2575 1898 2619 fiducia
1932 2573 2046 2617 netta

534 2656 549 2673 υ
579 2651 654 2679 sua
690 2635 1012 2680 intercessione.
1042 2658 1055 2675 n
1085 2640 1249 2682 Rursus
1273 2653 1372 2681 vero
1407 2637 1669 2695 interrogata
1694 2653 1749 2681 un
1771 2636 1924 2681 eadem
1961 2643 2047 2678 tra-

532 2696 638 2739 ditio
672 2698 798 2741 oratis
835 2714 968 2757 usque
1012 2698 1066 2742 ad
1110 2713 1265 2742 aevum
1300 2715 1386 2756 quo
1427 2699 1509 2742 Dei
1545 2699 1722 2743 Famula
1759 2697 1863 2741 vixit
1899 2711 2053 2756 perve-

532 2757 635 2808 niat,
664 2758 771 2803 hanc
805 2759 927 2803 dedit
963 2760 1304 2818 responsionem:
1335 2780 1351 2799 ε
1380 2761 1542 2815 Questa
1577 2760 1809 2804 tradizione
1845 2759 1904 2802 mi
1938 2771 2052 2801 sem-

538 2838 555 2857 »
584 2819 664 2862 bra
701 2827 855 2879 troppo
889 2821 1102 2878 generate,
1131 2830 1284 2879 troppo
1321 2821 1549 2879 profonda,
1579 2829 1735 2881 troppo
1760 2820 1872 2872 viva,
1896 2816 2054 2879 perche

542 2899 558 2919 ι
586 2895 671 2925 non
705 2882 838 2926 abbia
873 2882 1042 2940 origine
1075 2883 1132 2926 da
1165 2882 1264 2940 quel
1301 2892 1463 2941 tempo.
1492 2882 1832 2941 L'impressione
1865 2881 2062 2924 rimasta-
