2632 3568
394 1364 585 1486 «1ηὲωὸιί
591 1398 601 1408 .

641 276 701 318 38

640 348 943 392 efformavemt
976 346 1034 390 de
1064 347 1197 390 Fama
1245 346 1491 390 Sanctitatis
1525 353 1568 388 et
1611 345 1919 389 miraculorum
1955 348 2160 392 Eiusdem

641 409 722 452 Dei
756 409 959 452 Famulae
993 406 1160 451 Sororis
1197 406 1352 450 Mariae
1385 408 1441 450 ab
1474 405 1790 449 incarnatione.

765 470 842 511 62.
878 468 1007 511 Plura
1041 467 1121 511 alia
1147 481 1315 525 possem
1342 466 1585 510 testimonia
1607 466 1853 509 huiusmodi
1888 466 1931 508 in
1958 468 2154 512 medium

642 530 883 587 producere
905 543 1043 586 eaque
1077 543 1130 570 ex
1163 527 1274 571 dieta
1301 527 1440 584 prima
1463 526 1735 583 Quebeccnsi
1771 526 2051 584 inquisitione
2086 543 2157 571 ex-

643 588 892 646 cerpta‚sed
910 605 963 632 ne
982 589 1149 646 longius
1174 588 1448 646 protrahatur
1466 587 1660 632 defensio
1683 587 1739 630 ab
1763 586 1827 629 his
1853 602 1923 629 me
1946 587 2159 638 abstineo,

644 649 723 692 hoc
758 664 892 692 unum
928 649 1102 692 interim
1138 648 1504 699 animadvertens,
1527 647 1643 706 quod
1677 662 1763 690 non
1799 662 1852 689 ex
1875 647 2160 699 convictione,

643 709 718 753 sed
743 717 910 752 tantum
948 718 993 752 ut
1028 709 1091 752 sui
1126 709 1316 753 muneris
1340 718 1481 767 partes
1504 708 1697 766 expleret
1720 706 2005 750 Adversarius
2039 723 2162 766 prae-

642 770 931 814 stantissimus
966 777 1028 813 tot¹
1061 785 1109 813 ac
1144 778 1260 813 tanta
1283 778 1430 813 contra
1452 770 1645 827 primurn
1671 770 1920 811 Processum
1943 769 2160 826 opposuit,

645 845 697 891 aq
727 832 981 888 praesertim
1016 830 1133 888 quod
1166 830 1269 878 duo,
1326 837 1462 873 tresve
1510 828 1793 888 perfunctorie
1825 828 1879 871 de
1913 828 2160 872 Sanctitatis

645 891 849 947 opinione
866 891 1092 947 quidpiam
1113 890 1268 940 testati,
1289 898 1417 948 atque
1438 890 1543 933 iliud
1560 905 1732 949 quoque
1750 889 1865 946 quod
1887 888 1995 931 adeo
2019 896 2162 933 sancte

641 950 749 993 hanc
782 951 1104 995 distinctionem
1143 958 1268 993 testes
1301 959 1526 994 servarunt
1552 949 1777 1008 (recitandi
1804 957 1969 1007 partem
2003 950 2085 993 sibi
2121 958 2162 993 et

638 1009 874 1069 unicuique
908 1011 1153 1069 tributam),
1178 1019 1220 1054 ut
1256 1011 1438 1069 quisque
1474 1012 1644 1055 testium
1692 1011 1884 1069 religioni
1933 1010 2017 1052 sibi
2070 1011 2161 1053 du·-

639 1070 776 1122 xerit,
814 1086 869 1114 ne
903 1071 946 1114 in
997 1071 1180 1115 alienam
1230 1072 1363 1115 vetuti
1412 1073 1679 1130 provinciam
1729 1088 1820 1116 sese
1870 1069 2066 1113 interret.
2104 1073 2164 1114 Ex

638 1130 763 1174 dictis
798 1147 985 1191 namque
1019 1133 1289 1189 apertissime
1322 1142 1483 1176 constat
1509 1149 1713 1190 responsa
1749 1133 1919 1176 testium
1953 1131 2163 1174 amussim

640 1206 737 1234 cum
775 1193 1117 1249 interrogatoriis
1151 1194 1398 1243 convenire,
1422 1204 1552 1252 atque
1586 1194 1717 1237 iidem
1753 1201 1867 1237 certe
1900 1198 2019 1234 extra
2056 1192 2163 1235 cho-

640 1266 735 1294 rum
771 1252 1024 1296 cecinissent
1058 1253 1091 1295 si
1124 1254 1205 1297 alia
1233 1253 1477 1298 retulissent
1510 1269 1642 1312 super
1665 1255 1824 1313 quibus
1859 1267 1945 1295 non
1982 1252 2162 1295 fuissent

640 1313 796 1369 rogafi.

762 1374 838 1416 63.
875 1373 961 1417 Sed
987 1373 1164 1417 ulterius
1189 1376 1317 1417 instat
1341 1375 1677 1418 Animadversor
1701 1384 1846 1418 noster
1868 1385 1910 1418 et.
1939 1383 2036 1432 post
2071 1374 2162 1418 inu-

639 1433 757 1476 tilem
784 1450 955 1491 prorsus
978 1443 1179 1477 conatum
1207 1435 1363 1492 prioris
1380 1437 1606 1479 Processus
1628 1437 1916 1479 relevantiam
1941 1436 2164 1478 destruen-

641 1493 702 1544 di,
730 1493 912 1552 gradum
947 1494 1047 1538 sacit
1085 1494 1136 1538 ad
1178 1495 1527 1553 impugnandum
1563 1497 1801 1540 secundum
1835 1497 1894 1539 ita
1928 1496 2159 1539 disserens.

641 1556 786 1609 Quare
820 1555 987 1613 cognita
1022 1555 1228 1600 inanitate
1261 1556 1437 1614 prioris,
1482 1557 1537 1600 ad
1585 1557 1762 1601 atterius
1796 1572 2020 1615 processus
2053 1572 2165 1599 con-

642 1615 922 1660 structionem
958 1616 1194 1659 deventum
1230 1624 1311 1660 est.
1334 1618 1556 1662 Accedunt
1591 1618 1747 1661 iterum
1783 1618 1915 1661 iidem
1952 1624 2099 1667 testes,
2122 1624 2165 1659 at

640 1677 899 1733 paratiores3
939 1691 1038 1719 nam
1072 1677 1372 1735 biographiam
1408 1680 1451 1722 S.
1478 1680 1536 1721 D.
1564 1679 1760 1736 superius
1794 1679 2031 1728 laudatam,
2054 1677 2165 1720 alia—

639 1751 724 1794 que
747 1736 1010 1780 documenta
1036 1738 1272 1780 memoriae
1302 1738 1456 1782 tradita
1492 1739 1709 1782 ludicibus
1742 1740 1939 1783 recitant.
1977 1738 2024 1782 ld
2061 1753 2164 1781 sane

638 1797 895 1855 pracsertim
929 1797 1194 1841 monialibus
1228 1798 1415 1842 arduum
1439 1815 1526 1842 non
1549 1809 1642 1844 erat
1665 1816 1778 1859 quae
1800 1801 1951 1844 dietim
1984 1799 2157 1855 biogra-

638 1857 786 1915 phiam
822 1857 936 1901 iilam
972 1858 1174 1901 manibus
1208 1866 1369 1902 terunt.
1402 1860 1491 1904 «Se
1525 1876 1579 1903 ne
1612 1860 1840 1919 disputava
1874 1861 1902 1903 il
1932 1858 2161 1917 privilegio

645 1938 661 1957 »
689 1918 733 1961 di
770 1919 941 1976 legger-e
977 1919 1005 1962 il
1038 1919 1127 1962 soto
1161 1921 1399 1978 esemplare
1423 1921 1539 1964 della
1562 1921 1648 1964 vita
1672 1921 1787 1965 della
1810 1922 1928 1965 detta
1962 1918 2114 1963 Madre
2141 1939 2157 1957 ι

639 1979 786 2036 (Sum.
824 1995 920 2037 pag.
952 1980 1038 2022 462
1073 1979 1099 2039 S
1132 1981 1192 2025 60
1225 1989 1266 2023 et
1302 1981 1403 2024 aiibi
1439 1981 1649 2040 passim).

761 2041 835 2083 (ist.
875 2042 919 2083 ln
956 2040 1106 2098 primis
1147 2050 1191 2084 ut
1230 2041 1480 2085 Adversarii
1525 2041 1763 2086 difficultati
1797 2040 2049 2086 satisfaciam
2085 2042 2159 2084 ad-

640 2107 756 2151 noto,
795 2101 910 2160 quod
948 2116 1034 2143 non
1071 2111 1183 2145 recte
1219 2103 1336 2146 idem
1371 2117 1462 2146 sese
1495 2104 1706 2160 expressit
1740 2103 1901 2154 dicens,
1937 2101 2057 2160 quod
2092 2118 2159 2145 co-

638 2162 754 2217 gnita
790 2162 1009 2219 )videiicet
1045 2178 1067 2205 a
1103 2163 1385 2213 postulator-e,
1414 2172 1458 2206 et
1493 2163 1728 2222 ludicibus)
1765 2163 1970 2207 inanitate
2005 2162 2160 2220 prioris

637 2223 864 2265 processus
899 2223 953 2266 ad
987 2222 1161 2266 alterius
1194 2224 1557 2267 constructionem
1592 2224 1827 2268 deventum
1864 2232 1942 2267 est.
1981 2224 2071 2266 Hoc
2106 2225 2159 2266 si-

637 2283 815 2340 quidem
854 2299 981 2327 nemo
1018 2299 1124 2327 unus
1159 2285 1338 2328 asseruit
1372 2285 1449 2327 nisi
1485 2285 1823 2329 Animadvcrsor
1856 2293 2016 2333 noster,
2046 2284 2161 2340 prio-

638 2358 728 2386 rem
766 2346 1018 2388 Processum
1046 2345 1215 2388 inanem
1241 2361 1348 2397 esse,
1371 2353 1413 2388 et
1436 2346 1528 2389 eius
1553 2346 1759 2390 inanitate
1791 2345 1961 2402 cognita
1994 2344 2158 2387 deven-

640 2412 729 2446 tum
764 2420 855 2447 esse
889 2406 941 2448 ad
990 2405 1166 2448 alterius
1214 2407 1596 2450 constructionem.
1636 2408 1687 2449 Et
1727 2423 1828 2450 saue
1864 2422 1948 2449 non
1999 2405 2156 2448 retinet

637 2474 784 2508 mente
819 2466 862 2508 id
895 2466 1012 2523 quod
1048 2465 1166 2510 Idem
1212 2466 1498 2510 Adversarius
1547 2467 1675 2524 paulo
1720 2476 1818 2511 ante
1852 2466 2069 2510 obiecerat
2103 2465 2158 2508 de

637 2526 838 2583 precibus
859 2541 882 2569 a
906 2526 1177 2570 Postulatore
1212 2528 1303 2585 ipso
1338 2528 1391 2571 ad
1416 2528 1795 2586 Archiepiscopum
1830 2528 2157 2582 Quebeceusem

636 2587 857 2631 submissis
890 2604 969 2646 pro
1007 2587 1120 2630 tertii
1161 2604 1385 2646 processus
1426 2589 1776 2639 constructione,
1816 2589 2004 2631 scilicet:
2042 2588 2152 2630 Cum

635 2647 899 2704 supradictus
933 2649 1150 2691 Processns
1185 2649 1479 2709 informativus
1514 2648 1643 2708 (idest
1675 2650 1858 2710 primus)
1882 2665 1962 2692 non
1994 2647 2157 2691 videre-

637 2716 704 2750 tur
737 2710 838 2752 salis
870 2709 1091 2767 completus
1134 2709 1244 2752 alius
1294 2709 1530 2767 impletivus
1576 2710 1709 2769 factus
1743 2720 1814 2754 est.
1853 2709 1986 2753 Aliud
2023 2725 2153 2766 porro

636 2778 698 2812 est
731 2770 874 2813 dicere
908 2770 1026 2828 quod
1077 2770 1232 2830 aliquis
1282 2772 1506 2814 Processus
1557 2786 1639 2814 non
1679 2772 1732 2815 sit
1763 2771 1864 2815 satis
1896 2770 2150 2828 completus,

634 2830 753 2873 aliud
778 2846 880 2874 vero
913 2830 1032 2889 quod
1065 2832 1116 2875 sit
1149 2832 1300 2881 inanis,
1321 2832 1438 2890 quod
1472 2831 1681 2889 significat
1715 2832 1880 2884 irritus,
1918 2839 1961 2875 et
1993 2830 2152 2874 nultius

637 2892 763 2949 piane
798 2892 982 2937 roboris.
1012 2894 1098 2936 Hoc
1130 2893 1270 2937 obiter
1303 2892 1522 2943 adnotato,
1545 2892 1640 2936 dico
1674 2893 1793 2951 quod
1828 2894 1868 2936 in
1903 2893 1982 2936 hoc
2015 2892 2150 2935 altero
