2752 3568
640 913 749 956 200.

638 2078 720 2122 204
737 2111 746 2121 .

768 236 855 278 ‘106

769 329 784 347 ι»
814 325 871 352 un
908 309 1053 352 lavoro
1087 309 1129 352 di
1166 310 1324 366 pittura
1347 343 1356 359 ‚
1393 324 1515 353 senza
1549 310 1627 353 elie
1662 310 1855 353 lasciasse
1890 310 2049 352 vedere
2090 311 2129 354 la
2174 326 2263 354 me-

771 391 784 407 n
815 385 945 412 noma
977 368 1249 412 alterazione.
1288 370 1384 413 Essa
1420 370 1677 427 rispondeva
1711 370 1792 413 alle
1815 385 1996 427 persone
2020 372 2196 414 seeolari
2219 372 2259 415 le

773 451 788 469 ι»
817 430 949 499 (ῙυΗᾶΙί
968 430 999 471 si
1035 444 1244 472 recavano
1277 446 1300 472 a
1324 430 1577 474 consultat-la
1601 446 1679 474 eon
1704 430 1741 473 la
1766 429 2004 473 medesima
2027 431 2157 474 carita
2180 448 2257 475 con

772 511 787 529 ι,
815 491 882 534 eui
917 491 949 532 si
985 500 1183 546 prestava
1219 505 1295 547 per
1328 490 1366 533 le
1399 506 1477 534 sne
1510 491 1739 549 Religiose
1778 491 1935 535 Sembr
1938 505 2014 533 ava
2056 490 2133 534 elie
2157 494 2256 536 Essa

773 572 787 588 »
816 565 902 593 non
939 550 1045 592 losse
1079 551 1311 607 Superiora
1343 550 1420 593 che
1454 566 1530 622 per
1563 552 1748 595 liteneie
1773 566 1850 609 per
1870 567 1915 593 se
1937 550 2001 593 cio
2023 550 2099 594 elie
2124 551 2166 593 vi
2190 567 2261 595 era

775 610 862 654 »di
900 609 972 667 piu
1008 619 1254 661 nauseante,
1293 626 1315 653 e
1348 611 1392 654 di
1428 611 1501 668 piu
1534 627 1696 669 penoso
1730 612 1799 654 nel
1835 610 2103 668 travaoliare.
2144 613 2174 654 E
2196 612 2259 655 cio

771 692 785 708 »
813 673 1001 714 cecitava
1036 671 1074 714 Ιιι
1111 670 1183 728 piu
1217 687 1424 729 nronerosa
1458 673 1726 716 emulazione
1761 680 1823 714 tra
1855 673 1894 714 le
1927 686 2003 714 sue
2037 670 2178 728 liglie,
2216 673 2259 716 di

773 752 787 768 »
814 731 1014 789 guisache
1057 732 1097 774 la
1139 747 1213 774 sua
1258 731 1489 775 Comunita
1522 732 1840 789 rassomigliava
1875 748 1896 775 a
1930 706 2092 789 (ιιιοΙΙιιὃ
2107 732 2257 789 primi-

771 813 785 829 »
815 793 902 835 tive
926 792 1156 835 Comunita
1189 793 1266 835 che
1301 792 1462 849 ripiene
1495 792 1611 835 dello
1643 793 1792 851 spirito
1815 792 1886 835 del
1909 791 1999 834 loro
2029 793 2160 836 Santo
2185 795 2260 836 Pa-

774 874 787 889 »
817 853 968 895 triarca
992 853 1211 896 servit-ono
1236 853 1278 896 di
1307 852 1493 895 modello
1516 869 1539 896 a
1562 854 1706 911 quelle
1728 854 1806 896 elie
1832 852 1893 895 lor
1917 852 2255 897 succedettero.»

786 915 845 956 Ex
879 913 1036 970 quibus
1071 914 1275 955 omnibus
1309 929 1355 956 ac
1390 929 1492 969 prae
1525 913 1703 956 caeteris
1736 930 1790 956 ex
1815 913 1986 956 infracta
2010 913 2142 955 animi
2168 929 2262 957 con-

766 974 924 1016 stantia
958 990 1003 1016 ac
1039 973 1242 1031 patientia
1277 973 1320 1015 in
1353 974 1613 1017 cruciatibus
1649 982 1891 1031 postremae
1925 988 2027 1016 snae
2067 973 2258 1017 infirmi-

768 1034 862 1077 tatis
899 1033 1162 1090 perferendis
1196 1033 1570 1077 evidentissimum
1606 1035 1803 1077 heroicae
1835 1033 2117 1077 Fortitudinis
2143 1050 2263 1092 argu-

765 1103 959 1138 mentum
995 1094 1243 1137 deducitur.
1284 1095 1335 1136 Ut
1368 1095 1482 1138 enim
1516 1095 1572 1138 ad
1608 1110 1694 1138 rem
1731 1102 1852 1138 notat¹
1886 1097 2047 1137 Doctor
2079 1096 2264 1152 Angeli—

765 1172 834 1198 cus
869 1156 914 1197 2.
952 1156 994 1196 ⁶2.
1033 1163 1197 1213 quaest.
1238 1155 1324 1197 423
1358 1156 1456 1198 Art.
1492 1157 1520 1198 8
1554 1156 1595 1197 in
1630 1157 1758 1212 Corp.
1785 1181 1813 1188 —
1838 1156 1952 1197 Facit
1977 1155 2110 1197 virtus
2135 1155 2263 1198 l'orti—

766 1216 926 1258 tudinis
953 1249 961 1266 ‚
1000 1224 1045 1258 ιιι
1079 1215 1188 1258 ratio
1223 1231 1308 1257 non
1342 1217 1626 1258 absorbeatur
1649 1231 1671 1257 a
1695 1214 1915 1257 doloribus
1948 1215 2259 1271 corporalihuS,

767 1276 982 1318 tristitiam
1034 1275 1149 1318 enim
1194 1275 1425 1318 animalem
1476 1283 1652 1332 superat
1698 1276 1925 1318 delectatio
1967 1275 2146 1318 Virtutis
2173 1309 2183 1326 ,
2221 1277 2263 1318 in

764 1343 974 1394 quantum
1008 1335 1138 1378 homo
1173 1335 1357 1393 praefert
1402 1336 1567 1378 bonum
1618 1336 1788 1379 virtutis
1832 1335 2041 1394 corporali
2090 1337 2266 1379 vitae.—

764 1397 885 1439 Unde
920 1404 962 1438 et
994 1396 1154 1439 Servae
1189 1396 1271 1438 Dei
1296 1396 1430 1454 aptari
1451 1412 1534 1439 non
1560 1397 1777 1440 immerito
1801 1406 1943 1454 posset
1965 1396 2081 1454 quod
2105 1397 2150 1440 S.
2178 1399 2264 1439 Do-

763 1466 851 1500 ctor
886 1458 1066 1500 loannes
1100 1457 1429 1514 Chrysostomus
1464 1457 1689 1514 scripserat
1722 1457 1778 1500 do
1814 1458 2021 1515 Apostolo
2045 1457 2178 1500 Paulo
2201 1457 2265 1500 his

766 1518 907 1560 verbis
943 1518 983 1559 in
1018 1517 1199 1575 epistola
1236 1518 1292 1560 ad
1326 1518 1519 1560 Corinth.
1556 1518 1632 1561 25.
1670 1519 1819 1575 Cogita
1843 1518 2051 1575 quidnam
2076 1517 2144 1560 hie
2167 1533 2263 1574 per·

765 1578 925 1627 tulerit,
972 1579 1046 1634 qui
1086 1593 1169 1636 non
1215 1577 1342 1620 unius
1385 1577 1556 1628 domus,
1594 1578 1670 1621 sed
1704 1578 1881 1621 urbium
1915 1587 1958 1621 et
2001 1578 2265 1635 populorum

764 1653 910 1682 euram
945 1639 1138 1694 gerebat,
1176 1646 1217 1680 et
1253 1653 1331 1695 pro
1367 1639 1493 1681 tantis
1528 1639 1657 1681 rebus
1681 1652 1778 1680 eum
1805 1646 1866 1681 tot
1890 1647 2031 1682 essent
2054 1653 2077 1680 a
2100 1638 2262 1696 quibus

762 1700 1016 1748 vexabatur,
1058 1699 1237 1756 ipseque
1270 1699 1400 1748 sotus,
1441 1707 1647 1757 tantaque
1681 1707 1916 1757 pateretur,
1954 1715 2089 1757 eaque
2113 1698 2265 1742 sollici-

767 1761 916 1804 tudine
951 1759 1195 1802 alliceretur
1217 1793 1226 1810 ,
1266 1768 1310 1800 ut
1345 1759 1484 1802 nullus
1517 1768 1667 1818 pater,
1706 1775 1784 1817 pro
1817 1760 1926 1803 Filio
1973 1760 2015 1802 in
2056 1760 2128 1802 tati
2163 1775 2265 1803 cura

765 1829 973 1864 versetur.
1011 1819 1099 1865 Sed
1133 1819 1215 1862 iam
1253 1835 1402 1876 pauca.

911 1957 984 2006 De
1023 1957 1221 2006 heroica
1263 1957 1449 2006 Servae
1484 1958 1574 2007 Dei
1616 1959 1987 2023 Temperantia.

784 2080 1084 2120 Demonstrata
1121 2077 1292 2119 heroica
1325 2078 1483 2121 Sorvae
1516 2078 1597 2120 Dei
1632 2078 1903 2121 Fortitudine
1934 2088 2151 2135 postremo
2177 2077 2267 2119 loco

764 2138 883 2180 venit
916 2137 1225 2195 Temperantia
1259 2153 1370 2206 quae
1404 2138 1500 2182 licet
1533 2138 1687 2182 ordine
1719 2147 1835 2181 extet
1870 2140 2047 2190 ultima,
2093 2138 2269 2196 praeci-

764 2215 836 2257 pu
826 2213 896 2241 tm
933 2205 1075 2240 tamen
1110 2198 1151 2239 in
1185 2198 1388 2240 exercitio
1422 2199 1617 2241 omnium
1653 2199 1865 2242 virtutum
1890 2199 2058 2243 obtinet
2075 2207 2263 2258 partem,

765 2259 1121 2319 quandoquidem
1157 2257 1368 2301 incassum
1403 2259 1579 2302 omnino
1610 2260 1708 2318 quis
1747 2261 2030 2304 contenderet
2072 2261 2128 2303 ad
2172 2275 2268 2329 per-

764 2321 922 2363 lectam
954 2329 1221 2362 caeterarum
1258 2319 1466 2363 viitutum
1500 2320 1810 2364 assecutionem
1844 2321 2071 2379 pervenire
2105 2320 2185 2364 nisi
2222 2320 2265 2363 in

765 2389 1028 2425 antecessum
1064 2380 1201 2423 carnis
1238 2388 1517 2437 temperasset
1563 2389 1705 2424 motus
1727 2415 1736 2431 ‚
1785 2396 1832 2425 ac
1880 2381 2178 2425 omnimodam
2215 2380 2270 2424 de

765 2442 959 2486 sensibus
992 2441 1216 2484 victoriam
1252 2456 1338 2484 non
1374 2441 1648 2486 obtinuisset.
1683 2441 1885 2485 Officium
1918 2458 2106 2501 namque
2145 2441 2270 2485 huius

764 2503 932 2545 virtutis
957 2510 1018 2545 est
1042 2501 1309 2545 inordinatos
1340 2503 1557 2546 bonorum
1580 2503 1851 2546 sensibilium
1876 2503 2089 2562 appetitus
2107 2502 2268 2546 refrae-

766 2579 868 2607 nare
905 2563 966 2605 uti
999 2563 1217 2620 sapienter
1248 2563 1557 2607 animadvertit
1581 2566 1624 2608 S.
1652 2567 1812 2607 Doctor
1830 2564 2097 2623 Augustinus
2120 2565 2165 2608 in
2190 2563 2265 2607 lib.

766 2625 819 2668 de
853 2626 960 2668 Mor.
997 2625 1092 2667 Ecc.
1131 2625 1222 2667 Lat.
1260 2626 1366 2682 Cap.
1404 2625 1461 2668 ’19
1495 2626 1558 2668 his
1593 2624 1753 2669 verbis.
1779 2650 1807 2658 -
1834 2626 2172 2683 Temperantiae
2206 2624 2266 2667 of-

766 2685 914 2729 ficinm
948 2692 1010 2727 est
1043 2693 1320 2728 contemnere
1354 2701 1506 2730 omnes
1538 2688 1780 2745 corporales
1814 2686 2037 2731 illecebrat
2072 2686 2269 2730 laudem-

767 2762 850 2806 que
886 2747 1139 2803 popularem
1162 2770 1191 2778 —
1213 2747 1292 2789 liae
1326 2746 1462 2804 posita
1494 2748 1827 2806 Temperantiae
1868 2748 1965 2792 idea
1986 2782 1995 2798 ‚
2040 2756 2082 2791 et
2127 2747 2163 2791 si
2208 2747 2272 2790 vis

769 2808 897 2850 etiam
931 2806 1200 2858 delinitione,
1227 2808 1576 2866 investigandum
1600 2809 1820 2868 paulisper
1841 2818 1987 2853 utrum
2018 2809 2274 2853 alterutrum
