2632 3552
603 228 660 271 44

585 301 658 353 ait,
700 302 1108 361 interrogationibus
1144 304 1277 360 rogati
1317 303 1465 361 primis
1498 312 1593 347 octo
1627 304 1749 349 addit
1784 308 1861 357 xt.
1899 316 1940 351 et
1975 310 2106 363 Xiii,

589 362 688 407 binc
723 363 853 408 iidem
890 362 1155 407 reducuntur
1187 363 1241 407 ad
1275 363 1443 408 decem.
1475 365 1560 409 lam
1598 380 1702 409 vero
1727 365 1785 410 iiii
1813 374 1937 411 testes
1958 369 2036 427 qui
2064 371 2104 414 in

584 433 801 483 postrema
835 424 911 467 bae
945 423 1222 482 inquisitione
1256 424 1310 468 ad
1346 439 1528 470 examen
1564 426 1700 470 vocati
1734 435 1834 470 sunt
1855 461 1865 477 ,
1908 427 2105 488 iiiudque

583 485 810 529 subierunt
844 499 1025 528 numero
1059 492 1257 543 quatuor,
1295 492 1337 527 et
1373 486 1523 543 viginti
1559 487 1746 536 fuerunt,
1784 487 1941 531 idcirco
1965 490 2102 533 maior

582 560 730 589 eorum
758 561 852 603 pars
870 544 1073 589 videlicet
1096 546 1425 603 quatuordecim
1453 547 1639 605 primuni
1665 546 1771 591 inibi
1796 548 1958 592 excussi
1982 559 2096 601 sunt,

579 622 627 649 ac
652 621 728 664 per
748 620 1013 666 consequens
1037 605 1148 648 iiisce
1184 607 1594 662 interrogationibus
1627 607 1808 652 subiecti
1854 609 2101 669 neutiquam

577 682 627 710 ex
665 667 756 724 ipsa
791 665 1036 711 Adversarii
1072 666 1339 711 contessione
1374 667 1564 713 fuerunt.

697 729 771 771 72.
809 727 893 773 Sed
930 742 1007 771 nee
1038 727 1132 770 dari
1169 735 1323 787 potest,
1361 729 1477 786 quod
1514 729 1872 786 interrogationes
1904 731 2100 788 supradi-

573 796 665 833 ctae
701 788 859 832 suerint
895 788 1068 847 proprie
1104 788 1323 847 ioquendo
1356 789 1643 847 suggestivae,
1673 789 1714 832 in
1741 798 1949 848 quantum
1983 806 2100 836 nem·

575 865 629 908 pe
663 848 901 894 i'avorabiie
924 864 1075 893 causae
1100 848 1395 893 testimonium
1421 850 1615 907 perbeiie
1638 851 1941 908 suggesserint,
1970 860 2100 909 atque

572 910 628 953 ita
665 919 709 954 ut
746 909 877 953 iidem
905 917 1031 952 testes
1056 923 1133 966 per
1157 909 1266 968 ipsas
1292 909 1647 967 interrogationes
1673 929 1694 954 a
1717 912 1896 955 veritate
1915 910 2098 956 dicenda

572 970 877 1020 abstinuerint,
908 977 952 1014 ut
975 969 1030 1013 de
1054 969 1102 1011 iis
1125 984 1237 1027 quae
1261 970 1536 1027 ignorabant,
1566 971 1865 1015 testimonium
1888 970 2095 1016 dixerint.

571 1032 620 1074 Et
655 1030 732 1075 iioe
768 1031 832 1074 vei
868 1047 921 1075 ex
956 1045 1007 1073 eo
1041 1030 1251 1075 evincitur
1274 1031 1541 1088 apertissime
1563 1031 1683 1091 quod
1709 1031 1850 1076 dietae
1874 1047 1946 1076 sex
1971 1040 2096 1077 testes

570 1091 698 1136 etiam
736 1091 777 1135 in
812 1091 944 1135 aitero
980 1093 1182 1136 Processu
1218 1091 1312 1135 iicet
1352 1108 1435 1135 non
1469 1108 1660 1151 semper,
1697 1107 1825 1151 saepe
1868 1102 2007 1136 tamen
2045 1093 2097 1137 ad

569 1152 731 1197 oraiem
766 1168 940 1212 quoque
976 1152 1249 1197 traditionem
1285 1153 1587 1210 confugerunt.
1612 1153 1824 1197 Nonnulla
1848 1153 1992 1212 quoad
2018 1153 2098 1197 iioe

568 1214 768 1273 exempla
804 1214 885 1257 iam
924 1214 1102 1271 protuii,
1124 1215 1199 1257 sed
1223 1214 1276 1257 ad
1303 1213 1613 1258 Adversarium
1639 1213 1772 1270 magis
1803 1213 2093 1257 evincendum

569 1274 652 1319 aiia
688 1289 857 1333 possum
894 1274 936 1317 in
971 1273 1167 1318 medium
1203 1274 1461 1332 producere.
1499 1274 1566 1320 Sic
1598 1274 1737 1318 Testis
1772 1276 1785 1317 i
1824 1274 1863 1317 in
1903 1274 2092 1318 seeundo

570 1336 773 1379 Processu
798 1345 943 1392 rogata
969 1334 1023 1378 de
1056 1335 1217 1380 Servae
1253 1334 1334 1377 Dei
1369 1334 1524 1393 agendi
1560 1335 1726 1378 ratione
1762 1334 1801 1377 in
1830 1333 1954 1378 variis
1982 1335 2096 1379 vitae

566 1412 670 1440 suae
702 1397 885 1440 statibus
922 1395 1163 1454 respondit:
1196 1416 1210 1434 α
1241 1397 1288 1439 in
1327 1396 1380 1439 tai
1403 1396 1606 1440 diversit&
1631 1395 1675 1438 di
1700 1396 1793 1438 stati
1822 1395 2095 1453 (virginitatis

576 1478 592 1496 ι
622 1456 822 1501 videlicet
869 1456 1055 1513 coniugii
1090 1463 1133 1500 et
1174 1456 1439 1515 Reiigionis)
1490 1456 1577 1501 Eiia
1623 1456 1784 1514 pratici)
1827 1455 1940 1499 dci'e
1981 1455 2095 1500 virtu

570 1539 586 1556 ι
619 1517 934 1576 meravigiiose‚
973 1518 1158 1561 siccome
1192 1533 1244 1561 ne
1276 1518 1482 1561 iacevano
1518 1516 1845 1561 testimonianza
1880 1517 1917 1560 ic
1952 1516 2093 1561 tradi-

571 1600 587 1618 ι
616 1579 725 1623 zioni
760 1580 936 1622 costanti
958 1578 1001 1622 di
1021 1586 1174 1637 questo
1192 1580 1433 1622 Monastero
1453 1578 1537 1638 (i).
1570 1599 1583 1617 ι
1613 1580 1675 1622 ita
1695 1578 1853 1635 pariter
1871 1578 2007 1621 Testis
2037 1579 2095 1621 Vt

564 1640 620 1684 ad
653 1640 807 1697 seripta
843 1639 934 1684 iere
969 1654 1207 1698 numquam
1242 1656 1286 1683 se
1322 1638 1363 1681 in
1396 1640 1484 1683 suis
1518 1639 1864 1698 depositionibus
1902 1638 2095 1683 reserens

565 1716 616 1745 ea
651 1716 763 1758 quae
798 1709 941 1744 narrat
977 1700 1042 1743 vei
1077 1716 1131 1744 ex
1164 1701 1270 1744 oraii
1307 1700 1537 1744 traditione
1572 1700 1638 1744 vei
1674 1715 1726 1743 ex
1760 1699 1936 1758 propria
1960 1699 2096 1744 scien-

565 1769 628 1804 ter
661 1761 845 1805 hausisse
879 1768 1153 1818 eompertum
1187 1769 1264 1804 est.
1304 1760 1409 1805 ilinc
1443 1760 1553 1804 inter
1587 1761 1669 1805 aiia
1704 1768 1849 1816 rogata
1884 1775 1938 1803 an
1974 1760 2092 1804 dicta

561 1822 696 1865 Fama
731 1820 1013 1880 (Sanctitatis)
1047 1829 1227 1872 servata,
1266 1830 1309 1865 et
1343 1829 1466 1865 aucta
1502 1821 1627 1865 suerit
1662 1821 1703 1864 in
1739 1821 2014 1871 monasterio,
2053 1829 2096 1864 et

562 1890 680 1927 extra
716 1882 875 1941 ipsum,
914 1882 1167 1941 respondit:
1210 1903 1225 1921 ι
1271 1884 1440 1927 Cotesta
1476 1881 1627 1925 intima
1661 1880 1940 1925 convinzione
1975 1880 2094 1926 deiia

567 1964 583 1982 ι
616 1942 770 1987 i'eiicita
805 1942 919 1987 deiia
953 1943 1079 2001 quaie
1115 1946 1211 1987 Essa
1242 1941 1430 2000 godeva.
1469 1943 1509 1986 io
1533 1958 1666 2001 penso
1689 1941 1766 1985 ciie
1790 1943 1832 1985 in
1858 1941 1956 1999 ogni
1982 1949 2092 1985 tem-

569 2024 584 2042 ·
615 2019 671 2061 po
705 2004 837 2047 abbia
871 2004 1014 2063 spinto
1048 2004 1088 2048 ie
1123 2004 1354 2061 Reiigiose,
1382 2019 1406 2047 e
1429 2004 1468 2047 ie
1493 2004 1654 2047 ainnne
1680 2002 1733 2046 ad
1759 2002 1974 2046 invocaria
2000 2002 2092 2046 abi-

568 2084 584 2103 »
615 2064 852 2108 tuaimente
886 2064 1000 2108 neila
1024 2065 1229 2123 Cappeiia
1253 2065 1324 2109 dei
1349 2065 1486 2115 Santi,
1514 2080 1537 2108 e
1560 2065 1726 2108 aitrove
1749 2079 1840 2107 esse
1866 2063 1903 2106 ie
1926 2063 2095 2106 dinian-

566 2146 582 2164 ι
612 2125 780 2169 davano
827 2125 1128 2170 istantemente
1173 2125 1289 2170 deiie
1334 2125 1474 2183 grazie
1507 2125 1751 2184 spirituaii,
1788 2123 1867 2168 che
1899 2138 2091 2168 vennero

566 2206 582 2225 ι
612 2201 808 2230 concesse
843 2201 866 2229 a
901 2185 1096 2245 pareceiii
1131 2187 1199 2231 dai
1236 2187 1401 2244 pietoso
1438 2186 1559 2230 iddio
1592 2185 1812 2230 mediante
1848 2185 1886 2229 ia
1920 2200 1995 2228 sua
2021 2185 2092 2228 in-

565 2267 583 2286 »
611 2248 881 2292 tercessione.
920 2249 987 2291 Da
1018 2247 1129 2291 cirea
1165 2255 1416 2291 trentasette
1449 2246 1552 2290 anni
1587 2262 1721 2304 epoea
1754 2245 1870 2289 deiia
1904 2246 2091 2290 secondo

567 2328 582 2347 ι
613 2308 859 2351 traslazione
893 2308 1008 2352 deiia
1040 2324 1116 2351 sua
1151 2308 1315 2367 spogiia
1351 2308 1546 2357 mortaie,
1585 2306 1657 2350 taii
1691 2307 1834 2365 grazie
1857 2321 1960 2349 sono
1984 2314 2092 2351 state

566 2390 582 2409 ι
612 2384 811 2413 concesse
845 2369 979 2412 molto
1013 2369 1407 2427 frequentemente.
1437 2390 1452 2405 ι
1493 2370 1758 2425 interrogata
1784 2372 1885 2410 vero
1909 2381 1960 2409 an
1989 2368 2092 2411 baec

559 2431 694 2473 Fama
728 2429 842 2487 apud
866 2437 1055 2474 caeteras
1078 2438 1227 2489 gentes
1250 2429 1402 2474 diffusa
1427 2429 1498 2481 sit,
1526 2428 1764 2487 respondit:
1793 2449 1808 2466 α
1840 2428 1892 2470 ΑΙ
1913 2426 1955 2470 di
1980 2427 2091 2471 fuori

564 2511 581 2530 ι
609 2490 681 2533 dei
716 2489 891 2534 Canada
926 2491 1286 2549 principaimeote
1331 2491 1399 2534 nei
1443 2492 1686 2534 Monastero
1730 2487 1846 2533 deiie
1890 2488 2091 2533 Orsoiine

565 2572 582 2591 ι
611 2551 846 2609 i'opinione
878 2551 993 2595 deiia
1016 2567 1091 2596 sua
1123 2553 1279 2596 santita
1303 2551 1359 2595 da
1388 2551 1519 2610 iunge
1553 2559 1699 2608 tempo
1733 2549 1784 2593 ba
1823 2557 2013 2608 regnato.
2034 2550 2089 2594 ΑΙ

564 2633 581 2652 ι
610 2620 830 2656 momento
861 2620 1077 2670 presente,
1094 2612 1160 2657 cio
1182 2613 1358 2657 sembra
1381 2628 1522 2656 essere
1546 2627 1601 2655 un
1628 2610 1832 2655 unanime
1859 2625 2085 2663 consenso,

566 2694 582 2713 ι
615 2681 733 2717 tanto
756 2689 834 2732 per
853 2673 1113 2732 pubbiicare
1148 2674 1187 2718 ie
1219 2690 1298 2719 sue
1331 2672 1464 2724 virtu,
1502 2681 1666 2731 quanto
1700 2686 1777 2730 per
1811 2671 2046 2723 invocaria,
2068 2687 2091 2716 e

563 2755 580 2773 ι
608 2734 849 2779 soiieeitare
873 2735 915 2778 in
943 2734 997 2777 tai
1020 2736 1139 2792 guisa
1168 2736 1334 2794 i'epoca
1357 2734 1471 2779 deiia
1505 2750 1582 2778 sua
1617 2731 1942 2777 Beatificazione
1967 2733 2082 2793 (2)..

683 2856 749 2916 (4)
784 2857 895 2900 Sum.
931 2872 1032 2914 paq.
1070 2859 1099 2900 6
1133 2857 1160 2916 g
1192 2859 1237 2901 8.

684 2917 750 2976 (2)
784 2917 896 2961 Sum.
934 2933 1033 2975 paq.
1072 2918 1178 2970 462,
1218 2916 1308 2962 ’163
1343 2917 1388 2978 S.
1425 2917 1577 2962 76-79.
