2680 3616
2069 316 2124 358 37

633 392 832 441 emtione,
850 390 944 448 quis
979 389 1160 432 inveniri
1197 397 1331 445 posset
1367 390 1518 432 'stultus
1551 390 1689 438 adeo,
1727 396 1770 432 et
1803 387 1881 431 sibi
1919 389 1997 447 ipsi
2034 396 2122 433 tan-

633 461 780 509 topere
815 452 1003 494 infensus
1026 449 1101 507 qui
1127 450 1359 506 praesentis
1385 450 1494 493 vitae
1515 449 1745 493 commoda
1770 449 2118 506 parvipenderet,

636 513 769 555 immo
803 517 1116 558 contemneret,
1157 509 1427 565 voluptatum
1463 511 1672 553 illecebris
1695 509 1892 552 nuntium
1917 510 2120 561 mitteret,

636 573 827 622 iniurias,
865 580 908 615 et
941 569 1152 614 cruciatus
1186 570 1444 626 appeteret?
1478 572 1590 614 llaec
1623 579 1768 614 autem
1803 570 1858 613 de
1892 569 2002 613 sacto
2024 586 2125 614 con·

637 634 809 690 tingunt
832 631 998 690 quoties
1021 629 1261 674 Christiana
1283 630 1389 687 Spes
1414 630 1466 673 ad
1489 631 1736 675 coelestium
1764 645 1908 674 rerum
1931 631 2123 675 conside—

635 694 845 737 rationem
885 690 1105 734 hominem
1138 690 1321 746 erigunt.
1361 691 1414 732 Ut
1447 691 1561 733 enim
1594 691 1812 749 sapienter
1834 691 1887 734 ad
1911 707 2001 735 rem
2036 692 2125 735 ani-

636 753 867 798 madvertit
900 753 944 795 S.
982 750 1215 806 Gregorius
1248 752 1360 807 Papa
1391 770 1406 788 α
1437 759 1535 794 tunc
1567 752 1780 794 vilescunt
1812 752 1955 794 animo
1979 752 2123 795 omnia

632 829 743 872 quae
776 814 990 856 habentur
1024 811 1065 853 in
1103 811 1254 859 terris,
1290 812 1322 853 si
1357 811 1684 854 consideremus
1733 826 1843 869 quae
1886 820 1928 854 et
1972 821 2128 870 quanta

635 883 736 917 sunt
769 889 879 931 quae
916 871 1037 914 nobis
1071 872 1378 927 promittuntur
1414 871 1457 914 in
1491 872 1637 915 coelis.
1666 892 1682 910 n

513 936 586 977 64.
623 936 711 977 lam
748 949 848 977 vero
882 934 914 975 si
950 931 1194 975 huiusmodi
1232 947 1375 975 rerum
1413 932 1716 989 temporalium
1751 939 2048 989 contemptus,
2084 941 2124 975 et

633 994 873 1036 voluntaria
908 992 1076 1035 illorum
1111 991 1328 1035 abdicatio
1352 1007 1404 1035 eo
1429 1008 1561 1051 usque
1597 992 1820 1050 perveniat
1854 1001 1897 1035 ut
1930 992 2127 1035 coelestia

632 1055 858 1098 dumtaxat
892 1053 1194 1110 concupiscere
1229 1068 1302 1094 nos
1335 1052 1476 1101 saciat,
1515 1061 1613 1097 tunc
1636 1052 1873 1098 Christiana
1896 1054 2008 1110 Spes
2032 1068 2126 1109 per-

633 1113 824 1157 feetionis
857 1114 1042 1171 gradum
1078 1113 1315 1170 assequitur
1348 1122 1521 1156 auctore
1555 1115 1598 1157 S.
1637 1112 1858 1157 Bon-nardo
1893 1113 1935 1155 in
1971 1114 2124 1170 parab.

632 1175 689 1218 de
720 1174 840 1223 Fide,
878 1176 982 1231 Spe,
1021 1183 1063 1217 et
1097 1174 1313 1217 Chai-itate
1347 1182 1453 1216 tom.
1491 1175 1534 1217 2.
1582 1174 1658 1217 u'bi
1706 1174 1906 1216 affirmat.
1938 1200 1967 1208 -
1997 1173 2125 1228 Quod

632 1237 737 1292 Spes
771 1235 963 1278 Perfecta
998 1234 1095 1277 l‘aeit
1128 1249 1204 1276 nos
1239 1234 1554 1291 concupiscere,
1593 1251 1677 1277 non
1715 1242 1880 1278 te.·rena
1920 1249 2032 1291 quae
2066 1234 2129 1276 vi-

632 1295 799 1346 demus,
837 1295 914 1338 sed
947 1294 1145 1338 coelestia
1178 1310 1289 1352 quae
1321 1310 1543 1353 speramus
1564 1319 1593 1327 -
1624 1293 2024 1353 quaemadmodum
2061 1310 2131 1337 no-

639 1365 733 1399 tum
766 1363 829 1398 est
862 1355 1087 1413 contigisse
1120 1355 1323 1397 Gentium
1358 1356 1561 1412 Apostolo
1603 1382 1632 1390 -
1668 1356 1744 1414 qui
1791 1355 1843 1398 ad
1884 1354 2132 1413 Philippen-

634 1432 698 1459 ses
731 1417 774 1458 3.
802 1418 846 1458 8.
874 1415 977 1458 haee
1000 1415 1056 1458 de
1078 1430 1122 1457 se
1145 1414 1360 1458 allii-mare
1384 1431 1470 1458 non
1494 1416 1682 1460 dubitat.
1710 1440 1733 1447 -
1757 1415 1962 1459 Existimo
1986 1415 2130 1458 omnia

633 1476 943 1521 detrimentum
976 1491 1067 1518 esse
1103 1483 1276 1532 propter
1308 1476 1571 1518 eminentem
1605 1477 1827 1520 scientiam
1852 1477 1944 1519 lesu
1968 1475 2129 1520 Christi

637 1536 815 1579 Domini
862 1536 947 1577 mei
983 1543 1162 1592 propter
1195 1536 1333 1589 Quem
1385 1536 1530 1578 omnia
1578 1536 1885 1579 detrimentum
1936 1536 2048 1587 feci,
2092 1544 2134 1578 et

634 1597 820 1640 arbitror
856 1603 901 1638 ut
933 1604 1136 1646 stercora,
1175 1604 1222 1637 ut
1254 1596 1470 1639 Christum
1512 1596 1793 1639 lucrifaciam.
1823 1620 1851 1627 -
1879 1596 1986 1638 llinc
2031 1610 2130 1638 vero

635 1666 695 1700 est
729 1656 849 1714 quod
885 1656 999 1698 idem
1035 1656 1266 1713 Apostolus
1298 1656 1397 1699 licet
1430 1672 1607 1713 corpore
1655 1657 1697 1699 in
1748 1657 1869 1700 terris
1916 1655 2124 1714 degeret,

635 1717 764 1761 corde
800 1725 943 1759 tamen
978 1725 1019 1759 et
1052 1716 1202 1774 spiritu
1237 1716 1279 1759 in
1311 1717 1431 1760 coelo
1465 1725 1554 1761 erat
1590 1717 1706 1760 unde
1742 1717 1833 1761 iure
1866 1717 2031 1774 optimo
2064 1716 2130 1759 di-

636 1779 776 1821 cebat.
802 1802 830 1809 -
852 1778 1131 1821 Conversatio
1164 1787 1305 1820 iit-„Lra
1339 1778 1382 1821 in
1415 1778 1544 1821 coelis
1577 1786 1657 1821 est.
1683 1805 1712 1812 —
1744 1777 1871 1834 Quod
1920 1778 2133 1820 amussim

637 1847 832 1896 repetere
865 1840 998 1883 Serva
1021 1838 1104 1881 Dei
1130 1846 1296 1895 poterat
1328 1838 1684 1898 quandoquidem
1710 1839 1753 1882 in
1780 1841 1872 1882 Deo
1897 1853 2134 1897 usquequa-

635 1915 719 1957 que
754 1907 914 1947 mente‚
952 1907 994 1941 et
1028 1898 1161 1942 eorde
1194 1898 1351 1950 delixa,
1389 1909 1433 1943 et.
1474 1900 1723 1943 coelestium
1766 1898 2132 1956 contemplatione

635 1960 767 2003 veluti
802 1961 1022 2016 absorpta,
1060 1960 1242 2002 coeleste
1276 1960 1388 2003 vitae
1421 1976 1554 2017 genus
1587 1961 1776 2004 ducebat
1810 1960 1851 2002 in
1897 1959 2035 2003 terris.

515 2022 589 2065 65.
625 2021 802 2078 Signum
837 2019 956 2063 aliud
981 2020 1212 2063 indubium
1238 2020 1431 2064 heroicae
1454 2021 1552 2078 Spei
1577 2037 1628 2063 ex
1654 2021 1875 2064 Benedicti
1910 2020 2012 2063 XIV
2045 2019 2129 2063 do·-

636 2082 775 2125 ctrina
799 2090 860 2124 est
885 2080 1008 2123 lirma
1043 2081 1195 2124 fiducia
1221 2097 1304 2138 qua
1337 2081 1434 2138 quis
1468 2082 1686 2137 praeditus
1710 2090 1772 2124 est.
1795 2090 1994 2124 aeternae
2019 2080 2132 2123 vitae

638 2158 714 2200 per
746 2141 899 2185 Christi
935 2141 1106 2191 merita,
1133 2149 1174 2183 et
1196 2141 1312 2184 bona
1336 2157 1469 2199 opera
1492 2141 1800 2199 assequendae.
1834 2140 1961 2196 Quod
1986 2148 2131 2183 autem

638 2203 748 2245 dicta
785 2202 940 2245 fiducia
974 2202 1161 2244 extiterit.
1196 2201 1237 2243 in
1259 2204 1390 2246 Serva
1417 2201 1496 2244 Dei
1521 2210 1610 2244 tum
1635 2218 1687 2245 ex
1711 2201 1835 2244 dictis
1863 2200 2133 2258 apertissime

636 2271 812 2313 constat,
831 2270 920 2305 tum
940 2276 993 2304 ex
1012 2261 1132 2304 l'aetis
1150 2262 1339 2318 integrae
1359 2261 1561 2304 Eiusdem
1585 2262 1713 2306 vitae.
1734 2264 1791 2305 Ex
1814 2261 1935 2305 dictis
1955 2261 2132 2321 quidem

636 2323 738 2380 quia
774 2323 831 2364 uti
869 2322 1069 2365 adnotavi
1103 2322 1321 2379 quomodo
1355 2322 1525 2365 admitti
1560 2332 1701 2380 potest
1740 2324 1916 2367 Servam
1952 2322 2033 2365 Dei
2073 2330 2133 2364 tot

639 2390 840 2440 tant-aque
876 2381 1098 2440 pertulisse
1132 2382 1405 2425 incommoda
1438 2383 1674 2427 exantlasse
1709 2384 1902 2433 labores,
1942 2390 2132 2440 portasse

638 2444 821 2486 libenter
855 2451 898 2485 et
935 2442 1093 2485 invicto
1126 2442 1271 2485 animo
1303 2458 1448 2486 cruces
1482 2444 1558 2486 nisi
1593 2460 1667 2501 spe
1714 2445 1821 2487 sreta
1852 2452 2049 2487 aeternae
2075 2446 2135 2486 vi-

640 2505 740 2547 tae?
776 2505 833 2546 Ex
868 2504 986 2547 factis
1021 2518 1138 2553 vero,
1176 2503 1527 2562 ‹piandoquidem
1559 2507 1624 2548 vel
1664 2523 1686 2548 a
1738 2504 1920 2563 pueritia
1972 2503 2133 2547 Eadem

637 2567 768 2609 Serva
801 2565 881 2606 Dei
915 2565 1028 2607 bona
1065 2580 1197 2620 opera
1232 2574 1407 2621 operata
1442 2574 1504 2607 est
1537 2565 1590 2608 ad
1616 2566 1729 2609 hunc
1754 2566 1883 2609 linem
1907 2580 2134 2623 assequen-

638 2625 742 2669 dum
776 2625 977 2669 videlicet
1009 2634 1226 2668 aeternam
1264 2624 1410 2674 vitam,
1438 2634 1568 2685 atque
1604 2626 1760 2670 idcirco
1794 2626 1952 2669 nedum
1989 2625 2135 2682 culpas

637 2701 789 2730 omnes
838 2701 991 2743 graves
1040 2694 1083 2729 et
1130 2685 1303 2728 lethales
1349 2686 1513 2729 evitare
1557 2687 1744 2730 maxima
1778 2686 2002 2744 diligentia
2042 2693 2136 2728 stu—

638 2748 732 2791 duit
779 2763 890 2805 quae
925 2763 946 2789 a
982 2748 1068 2790 vita
1104 2755 1279 2789 aeterna
1312 2747 1574 2798 excludunt,
1613 2748 1688 2792 sed
1722 2748 1851 2790 etiam
1887 2748 2001 2790 leves
2024 2762 2136 2805 quae

640 2825 661 2850 a
698 2808 960 2866 possessione
1016 2808 1130 2851 illius
1177 2807 1396 2850 retardare
1449 2817 1641 2851 noverat.
1699 2809 1785 2851 Nec
1808 2808 1936 2857 satis,
1991 2807 2136 2866 appri-

644 2884 711 2911 me
763 2884 949 2928 namque
998 2883 1172 2912 noscens
1215 2868 1331 2926 quod
1365 2869 1495 2911 arbor
1527 2884 1638 2927 quae
1682 2884 1766 2911 non
1810 2868 1903 2912 l'acit
1953 2869 2135 2911 l'ructum

642 2944 693 2972 ox
726 2929 874 2973 divina
909 2930 1120 2973 sententia
1155 2928 1391 2973 excidenda
1426 2938 1504 2979 est,
1541 2938 1583 2972 et
1618 2929 1658 2972 in
1706 2930 1848 2988 ignem
1891 2929 2132 2979 mittenda,
