<?xml version="1.0" encoding="UTF-8"?>
<!DOCTYPE html PUBLIC "-//W3C//DTD XHTML 1.0 Transitional//EN"
    "http://www.w3.org/TR/xhtml1/DTD/xhtml1-transitional.dtd">
<html xmlns="http://www.w3.org/1999/xhtml" xml:lang="en" lang="en">
 <head>
  <title>
</title>
<meta http-equiv="Content-Type" content="text/html;charset=utf-8" />
  <meta name='ocr-system' content='tesseract 3.04.00' />
  <meta name='ocr-capabilities' content='ocr_page ocr_carea ocr_par ocr_line ocrx_word'/>
</head>
<body>
  <div class='ocr_page' id='page_1' title='image "./cihm_27111_0131.png"; bbox 0 0 2760 3568; ppageno 0'>
   <div class='ocr_carea' id='block_1_1' title="bbox 0 0 387 2951">
    <p class='ocr_par' dir='ltr' id='par_1_1' title="bbox 0 0 387 2951">
     <span class='ocr_line' id='line_1_1' title="bbox 0 0 378 311; baseline 0 -89"><span class='ocrx_word' id='word_1_1' title='bbox 0 0 378 311; x_wconf 95' lang='lat' dir='ltr'><strong>  </strong></span> 
     </span>
     <span class='ocr_line' id='line_1_2' title="bbox 0 311 364 530; baseline 0 -123"><span class='ocrx_word' id='word_1_2' title='bbox 0 311 364 530; x_wconf 95' lang='lat' dir='ltr'><strong>   </strong></span> 
     </span>
     <span class='ocr_line' id='line_1_3' title="bbox 0 654 382 829; baseline 0 -62"><span class='ocrx_word' id='word_1_3' title='bbox 0 654 382 829; x_wconf 95' lang='lat' dir='ltr'><strong>  </strong></span> 
     </span>
     <span class='ocr_line' id='line_1_4' title="bbox 0 829 387 1013; baseline 0 -63"><span class='ocrx_word' id='word_1_4' title='bbox 0 829 387 1013; x_wconf 95' lang='lat' dir='ltr'><strong>   </strong></span> 
     </span>
     <span class='ocr_line' id='line_1_5' title="bbox 0 1013 377 1131; baseline 0 0"><span class='ocrx_word' id='word_1_5' title='bbox 0 1013 377 1131; x_wconf 95' lang='lat' dir='ltr'><strong>  </strong></span> 
     </span>
     <span class='ocr_line' id='line_1_6' title="bbox 0 1131 377 1190; baseline 0 2378"><span class='ocrx_word' id='word_1_6' title='bbox 0 1131 377 1190; x_wconf 95' lang='lat' dir='ltr'><strong> </strong></span> 
     </span>
     <span class='ocr_line' id='line_1_7' title="bbox 0 1190 384 1251; baseline 0 2317"><span class='ocrx_word' id='word_1_7' title='bbox 0 1190 384 1251; x_wconf 95' lang='lat' dir='ltr'><strong> </strong></span> 
     </span>
     <span class='ocr_line' id='line_1_8' title="bbox 0 1251 386 1310; baseline 0 2258"><span class='ocrx_word' id='word_1_8' title='bbox 0 1251 386 1310; x_wconf 95' lang='lat' dir='ltr'><strong> </strong></span> 
     </span>
     <span class='ocr_line' id='line_1_9' title="bbox 0 1310 386 1412; baseline 0 0"><span class='ocrx_word' id='word_1_9' title='bbox 0 1310 386 1412; x_wconf 95' lang='lat' dir='ltr'><strong>  </strong></span> 
     </span>
     <span class='ocr_line' id='line_1_10' title="bbox 0 1412 385 1489; baseline 0 2079"><span class='ocrx_word' id='word_1_10' title='bbox 0 1412 385 1489; x_wconf 95' lang='lat' dir='ltr'><strong> </strong></span> 
     </span>
     <span class='ocr_line' id='line_1_11' title="bbox 0 1489 387 1736; baseline 0.047 -129"><span class='ocrx_word' id='word_1_11' title='bbox 0 1489 387 1736; x_wconf 95' lang='lat' dir='ltr'><strong>    </strong></span> 
     </span>
     <span class='ocr_line' id='line_1_12' title="bbox 0 1736 387 1979; baseline 0 -83"><span class='ocrx_word' id='word_1_12' title='bbox 0 1736 387 1979; x_wconf 95' lang='lat' dir='ltr'><strong>    </strong></span> 
     </span>
     <span class='ocr_line' id='line_1_13' title="bbox 0 1979 324 2100; baseline 0 -63"><span class='ocrx_word' id='word_1_13' title='bbox 0 1979 324 2100; x_wconf 95' lang='lat' dir='ltr'><strong>  </strong></span> 
     </span>
     <span class='ocr_line' id='line_1_14' title="bbox 0 2100 323 2219; baseline 0 0"><span class='ocrx_word' id='word_1_14' title='bbox 0 2100 323 2219; x_wconf 95' lang='lat' dir='ltr'><strong>  </strong></span> 
     </span>
     <span class='ocr_line' id='line_1_15' title="bbox 0 2219 323 2284; baseline 0 1284"><span class='ocrx_word' id='word_1_15' title='bbox 0 2219 323 2284; x_wconf 95' lang='lat' dir='ltr'><strong> </strong></span> 
     </span>
     <span class='ocr_line' id='line_1_16' title="bbox 0 2284 323 2460; baseline 0 -58"><span class='ocrx_word' id='word_1_16' title='bbox 0 2284 323 2460; x_wconf 95' lang='lat' dir='ltr'><strong>   </strong></span> 
     </span>
     <span class='ocr_line' id='line_1_17' title="bbox 0 2460 322 2565; baseline 0 -104"><span class='ocrx_word' id='word_1_17' title='bbox 0 2460 322 2565; x_wconf 95' lang='lat' dir='ltr'><strong>    </strong></span> 
     </span>
     <span class='ocr_line' id='line_1_18' title="bbox 0 2565 322 2951; baseline 0 -120"><span class='ocrx_word' id='word_1_18' title='bbox 0 2565 322 2951; x_wconf 95' lang='lat' dir='ltr'><strong>    </strong></span> 
     </span>
    </p>
   </div>
   <div class='ocr_carea' id='block_1_2' title="bbox 748 681 854 725">
    <p class='ocr_par' dir='ltr' id='par_1_2' title="bbox 748 681 854 725">
     <span class='ocr_line' id='line_1_19' title="bbox 748 681 854 725; baseline 0.009 -1"><span class='ocrx_word' id='word_1_19' title='bbox 748 681 836 725; x_wconf 87' lang='lat'><strong>227</strong></span> <span class='ocrx_word' id='word_1_20' title='bbox 845 714 854 724; x_wconf 93' lang='lat'>.</span> 
     </span>
    </p>
   </div>
   <div class='ocr_carea' id='block_1_3' title="bbox 743 1467 848 1511">
    <p class='ocr_par' dir='ltr' id='par_1_3' title="bbox 743 1467 848 1511">
     <span class='ocr_line' id='line_1_20' title="bbox 743 1467 848 1511; baseline -0.01 -1"><span class='ocrx_word' id='word_1_21' title='bbox 743 1467 848 1511; x_wconf 88' lang='lat'><strong>228.</strong></span> 
     </span>
    </p>
   </div>
   <div class='ocr_carea' id='block_1_4' title="bbox 735 1891 843 1935">
    <p class='ocr_par' dir='ltr' id='par_1_4' title="bbox 735 1891 843 1935">
     <span class='ocr_line' id='line_1_21' title="bbox 735 1891 843 1935; baseline 0.009 -1"><span class='ocrx_word' id='word_1_22' title='bbox 735 1891 843 1935; x_wconf 88' lang='lat'><strong>220.</strong></span> 
     </span>
    </p>
   </div>
   <div class='ocr_carea' id='block_1_5' title="bbox 737 2744 844 2788">
    <p class='ocr_par' dir='ltr' id='par_1_5' title="bbox 737 2744 844 2788">
     <span class='ocr_line' id='line_1_22' title="bbox 737 2744 844 2788; baseline -0.028 0"><span class='ocrx_word' id='word_1_23' title='bbox 737 2744 844 2788; x_wconf 87' lang='grc'><strong>230.</strong></span> 
     </span>
    </p>
   </div>
   <div class='ocr_carea' id='block_1_6' title="bbox 0 2951 858 3014">
    <p class='ocr_par' dir='ltr' id='par_1_6' title="bbox 0 2951 858 3014">
     <span class='ocr_line' id='line_1_23' title="bbox 0 2951 858 3014; baseline 0 554"><span class='ocrx_word' id='word_1_24' title='bbox 0 2951 858 3014; x_wconf 95' lang='lat' dir='ltr'><strong> </strong></span> 
     </span>
    </p>
   </div>
   <div class='ocr_carea' id='block_1_7' title="bbox 877 244 966 289">
    <p class='ocr_par' dir='ltr' id='par_1_7' title="bbox 877 244 966 289">
     <span class='ocr_line' id='line_1_24' title="bbox 877 244 966 289; baseline 0 -1"><span class='ocrx_word' id='word_1_25' title='bbox 877 244 966 289; x_wconf 74' lang='grc'><strong>122</strong></span> 
     </span>
    </p>
   </div>
   <div class='ocr_carea' id='block_1_8' title="bbox 873 316 2377 499">
    <p class='ocr_par' dir='ltr' id='par_1_8' title="bbox 873 316 2377 499">
     <span class='ocr_line' id='line_1_25' title="bbox 875 316 2377 377; baseline 0.003 -16.035"><span class='ocrx_word' id='word_1_26' title='bbox 875 319 933 361; x_wconf 72' lang='grc' dir='ltr'>ὼ</span> <span class='ocrx_word' id='word_1_27' title='bbox 967 316 1279 368; x_wconf 67' lang='lat' dir='ltr'><strong>incarnatione,</strong></span> <span class='ocrx_word' id='word_1_28' title='bbox 1308 325 1350 360; x_wconf 89' lang='lat' dir='ltr'><strong>et</strong></span> <span class='ocrx_word' id='word_1_29' title='bbox 1374 317 1436 360; x_wconf 88' lang='lat' dir='ltr'><strong>llli</strong></span> <span class='ocrx_word' id='word_1_30' title='bbox 1461 318 1596 374; x_wconf 89' lang='lat' dir='ltr'><strong>aptari</strong></span> <span class='ocrx_word' id='word_1_31' title='bbox 1626 334 1750 376; x_wconf 88' lang='lat' dir='ltr'><strong>posse</strong></span> <span class='ocrx_word' id='word_1_32' title='bbox 1778 333 1826 361; x_wconf 66' lang='lat' dir='ltr'><strong>ea</strong></span> <span class='ocrx_word' id='word_1_33' title='bbox 1848 334 1961 377; x_wconf 84' lang='lat' dir='ltr'><strong>quae</strong></span> <span class='ocrx_word' id='word_1_34' title='bbox 1983 320 2243 365; x_wconf 79' lang='lat' dir='ltr'><strong>Nicodemus</strong></span> <span class='ocrx_word' id='word_1_35' title='bbox 2266 320 2377 365; x_wconf 82' lang='lat' dir='ltr'>dixit</span> 
     </span>
     <span class='ocr_line' id='line_1_26' title="bbox 873 378 2375 441; baseline 0.003 -19"><span class='ocrx_word' id='word_1_36' title='bbox 873 378 1042 422; x_wconf 88' lang='lat' dir='ltr'><strong>Christo</strong></span> <span class='ocrx_word' id='word_1_37' title='bbox 1064 379 1181 420; x_wconf 82' lang='lat' dir='ltr'><strong>toan</strong></span> <span class='ocrx_word' id='word_1_38' title='bbox 1219 379 1263 420; x_wconf 89' lang='grc'><strong>3.</strong></span> <span class='ocrx_word' id='word_1_39' title='bbox 1290 378 1389 421; x_wconf 89' lang='grc'><strong>2.-</strong></span> <span class='ocrx_word' id='word_1_40' title='bbox 1418 379 1552 421; x_wconf 85' lang='lat' dir='ltr'><strong>Nemo</strong></span> <span class='ocrx_word' id='word_1_41' title='bbox 1577 387 1717 437; x_wconf 85' lang='lat' dir='ltr'><strong>potest</strong></span> <span class='ocrx_word' id='word_1_42' title='bbox 1746 379 1847 422; x_wconf 86' lang='lat' dir='ltr'><strong>haec</strong></span> <span class='ocrx_word' id='word_1_43' title='bbox 1870 380 1990 437; x_wconf 69' lang='lat' dir='ltr'><strong>sinna</strong></span> <span class='ocrx_word' id='word_1_44' title='bbox 2021 381 2160 424; x_wconf 70' lang='lat' dir='ltr'><strong>facete</strong></span> <span class='ocrx_word' id='word_1_45' title='bbox 2194 397 2307 441; x_wconf 88' lang='lat' dir='ltr'><strong>quae</strong></span> <span class='ocrx_word' id='word_1_46' title='bbox 2331 391 2375 426; x_wconf 90' lang='lat' dir='ltr'><strong>tu</strong></span> 
     </span>
     <span class='ocr_line' id='line_1_27' title="bbox 873 437 2106 499; baseline 0.001 -16"><span class='ocrx_word' id='word_1_47' title='bbox 873 439 987 489; x_wconf 79' lang='lat' dir='ltr'><strong>sacis,</strong></span> <span class='ocrx_word' id='word_1_48' title='bbox 1026 437 1101 481; x_wconf 90' lang='lat' dir='ltr'><strong>nisi</strong></span> <span class='ocrx_word' id='word_1_49' title='bbox 1139 437 1267 481; x_wconf 90' lang='lat' dir='ltr'><strong>fuerit</strong></span> <span class='ocrx_word' id='word_1_50' title='bbox 1303 440 1418 481; x_wconf 88' lang='lat' dir='ltr'><strong>Deus</strong></span> <span class='ocrx_word' id='word_1_51' title='bbox 1451 453 1550 482; x_wconf 84' lang='lat' dir='ltr'><strong>cum</strong></span> <span class='ocrx_word' id='word_1_52' title='bbox 1584 454 1635 483; x_wconf 91' lang='lat' dir='ltr'><strong>eo</strong></span> <span class='ocrx_word' id='word_1_53' title='bbox 1668 466 1695 475; x_wconf 96' lang='lat'>-</span> <span class='ocrx_word' id='word_1_54' title='bbox 1727 439 1813 485; x_wconf 84' lang='lat' dir='ltr'><strong>Sed</strong></span> <span class='ocrx_word' id='word_1_55' title='bbox 1849 439 1931 483; x_wconf 87' lang='lat' dir='ltr'><strong>iam</strong></span> <span class='ocrx_word' id='word_1_56' title='bbox 1968 456 2106 499; x_wconf 89' lang='lat' dir='ltr'><strong>pauca</strong></span> 
     </span>
    </p>
   </div>
   <div class='ocr_carea' id='block_1_9' title="bbox 978 560 2132 612">
    <p class='ocr_par' dir='ltr' id='par_1_9' title="bbox 978 560 2132 612">
     <span class='ocr_line' id='line_1_28' title="bbox 978 560 2132 612; baseline 0.002 -2"><span class='ocrx_word' id='word_1_57' title='bbox 978 561 1051 610; x_wconf 88' lang='lat' dir='ltr'><strong>De</strong></span> <span class='ocrx_word' id='word_1_58' title='bbox 1084 560 1213 611; x_wconf 83' lang='lat' dir='ltr'>fama</span> <span class='ocrx_word' id='word_1_59' title='bbox 1248 560 1532 612; x_wconf 77' lang='lat' dir='ltr'><strong>sanctitatis</strong></span> <span class='ocrx_word' id='word_1_60' title='bbox 1577 562 1626 612; x_wconf 89' lang='lat' dir='ltr'><strong>in</strong></span> <span class='ocrx_word' id='word_1_61' title='bbox 1665 561 1764 611; x_wconf 86' lang='lat' dir='ltr'><strong>vita</strong></span> <span class='ocrx_word' id='word_1_62' title='bbox 1804 561 1989 612; x_wconf 87' lang='lat' dir='ltr'><strong>Servae</strong></span> <span class='ocrx_word' id='word_1_63' title='bbox 2021 563 2132 612; x_wconf 86' lang='lat' dir='ltr'><strong>Dei.</strong></span> 
     </span>
    </p>
   </div>
   <div class='ocr_carea' id='block_1_10' title="bbox 855 680 2370 2984">
    <p class='ocr_par' dir='ltr' id='par_1_10' title="bbox 864 680 2370 1464">
     <span class='ocr_line' id='line_1_29' title="bbox 890 680 2370 739; baseline 0.002 -16"><span class='ocrx_word' id='word_1_64' title='bbox 890 682 987 731; x_wconf 88' lang='lat' dir='ltr'><strong>Tot,</strong></span> <span class='ocrx_word' id='word_1_65' title='bbox 1032 689 1233 739; x_wconf 83' lang='lat' dir='ltr'><strong>tantaque</strong></span> <span class='ocrx_word' id='word_1_66' title='bbox 1266 680 1474 725; x_wconf 90' lang='lat' dir='ltr'><strong>virtutum</strong></span> <span class='ocrx_word' id='word_1_67' title='bbox 1510 683 1706 725; x_wconf 89' lang='lat' dir='ltr'><strong>omnium</strong></span> <span class='ocrx_word' id='word_1_68' title='bbox 1737 682 2007 724; x_wconf 84' lang='lat' dir='ltr'><strong>heroicarum</strong></span> <span class='ocrx_word' id='word_1_69' title='bbox 2031 683 2250 739; x_wconf 79' lang='lat' dir='ltr'><strong>congeries</strong></span> <span class='ocrx_word' id='word_1_70' title='bbox 2273 697 2370 726; x_wconf 89' lang='lat' dir='ltr'><strong>con-</strong></span> 
     </span>
     <span class='ocr_line' id='line_1_30' title="bbox 869 741 2368 800; baseline 0.001 -15"><span class='ocrx_word' id='word_1_71' title='bbox 869 742 1027 785; x_wconf 88' lang='lat' dir='ltr'><strong>sociata</strong></span> <span class='ocrx_word' id='word_1_72' title='bbox 1059 757 1159 784; x_wconf 87' lang='lat' dir='ltr'><strong>cum</strong></span> <span class='ocrx_word' id='word_1_73' title='bbox 1196 741 1433 785; x_wconf 82' lang='lat' dir='ltr'>innumeris</span> <span class='ocrx_word' id='word_1_74' title='bbox 1467 741 1592 785; x_wconf 90' lang='lat' dir='ltr'><strong>donis</strong></span> <span class='ocrx_word' id='word_1_75' title='bbox 1613 742 2013 800; x_wconf 84' lang='lat' dir='ltr'><strong>supernaturalibus</strong></span> <span class='ocrx_word' id='word_1_76' title='bbox 2047 752 2090 785; x_wconf 92' lang='lat' dir='ltr'><strong>et</strong></span> <span class='ocrx_word' id='word_1_77' title='bbox 2112 743 2368 787; x_wconf 87' lang='lat' dir='ltr'><strong>coelestibus</strong></span> 
     </span>
     <span class='ocr_line' id='line_1_31' title="bbox 869 802 2364 855; baseline 0.002 -11"><span class='ocrx_word' id='word_1_78' title='bbox 869 802 1199 846; x_wconf 72' lang='lat' dir='ltr'>charismatibus</span> <span class='ocrx_word' id='word_1_79' title='bbox 1233 802 1274 845; x_wconf 90' lang='lat' dir='ltr'><strong>in</strong></span> <span class='ocrx_word' id='word_1_80' title='bbox 1308 803 1441 846; x_wconf 84' lang='lat' dir='ltr'><strong>Serva</strong></span> <span class='ocrx_word' id='word_1_81' title='bbox 1480 803 1561 845; x_wconf 88' lang='lat' dir='ltr'><strong>Dei</strong></span> <span class='ocrx_word' id='word_1_82' title='bbox 1594 805 1750 847; x_wconf 87' lang='lat' dir='ltr'><strong>Sorore</strong></span> <span class='ocrx_word' id='word_1_83' title='bbox 1783 803 1913 846; x_wconf 86' lang='lat' dir='ltr'><strong>Maria</strong></span> <span class='ocrx_word' id='word_1_84' title='bbox 1957 803 2012 845; x_wconf 91' lang='lat' dir='ltr'><strong>ab</strong></span> <span class='ocrx_word' id='word_1_85' title='bbox 2046 804 2364 855; x_wconf 86' lang='lat' dir='ltr'><strong>lucarnatione,</strong></span> 
     </span>
     <span class='ocr_line' id='line_1_32' title="bbox 870 862 2366 921; baseline 0.001 -16"><span class='ocrx_word' id='word_1_86' title='bbox 870 877 1055 920; x_wconf 83' lang='lat' dir='ltr'><strong>pronum</strong></span> <span class='ocrx_word' id='word_1_87' title='bbox 1089 862 1267 905; x_wconf 85' lang='lat' dir='ltr'><strong>omnino</strong></span> <span class='ocrx_word' id='word_1_88' title='bbox 1300 871 1363 906; x_wconf 88' lang='lat' dir='ltr'><strong>est</strong></span> <span class='ocrx_word' id='word_1_89' title='bbox 1392 863 1510 921; x_wconf 91' lang='lat' dir='ltr'><strong>quod</strong></span> <span class='ocrx_word' id='word_1_90' title='bbox 1545 864 1782 906; x_wconf 79' lang='lat' dir='ltr'>maximam</span> <span class='ocrx_word' id='word_1_91' title='bbox 1815 864 2062 907; x_wconf 88' lang='lat' dir='ltr'><strong>Sanctitatis</strong></span> <span class='ocrx_word' id='word_1_92' title='bbox 2096 865 2272 907; x_wconf 85' lang='lat' dir='ltr'>Famam</span> <span class='ocrx_word' id='word_1_93' title='bbox 2298 864 2366 907; x_wconf 82' lang='lat' dir='ltr'><strong>Ei-</strong></span> 
     </span>
     <span class='ocr_line' id='line_1_33' title="bbox 868 923 2367 983; baseline 0.001 -17"><span class='ocrx_word' id='word_1_94' title='bbox 868 924 969 966; x_wconf 88' lang='lat' dir='ltr'><strong>dem</strong></span> <span class='ocrx_word' id='word_1_95' title='bbox 994 924 1034 966; x_wconf 90' lang='lat' dir='ltr'><strong>in</strong></span> <span class='ocrx_word' id='word_1_96' title='bbox 1059 923 1163 966; x_wconf 89' lang='lat' dir='ltr'><strong>vivis</strong></span> <span class='ocrx_word' id='word_1_97' title='bbox 1186 923 1326 966; x_wconf 89' lang='lat' dir='ltr'><strong>adhuc</strong></span> <span class='ocrx_word' id='word_1_98' title='bbox 1348 923 1519 982; x_wconf 82' lang='lat' dir='ltr'><strong>degenti</strong></span> <span class='ocrx_word' id='word_1_99' title='bbox 1543 924 1744 967; x_wconf 75' lang='lat' dir='ltr'><strong>debuerit</strong></span> <span class='ocrx_word' id='word_1_100' title='bbox 1760 924 2001 968; x_wconf 84' lang='lat' dir='ltr'><strong>conciliare.</strong></span> <span class='ocrx_word' id='word_1_101' title='bbox 2022 926 2184 967; x_wconf 87' lang='lat' dir='ltr'><strong>Omnes</strong></span> <span class='ocrx_word' id='word_1_102' title='bbox 2203 923 2367 983; x_wconf 89' lang='lat' dir='ltr'><strong>quippe</strong></span> 
     </span>
     <span class='ocr_line' id='line_1_34' title="bbox 870 983 2366 1044; baseline 0.001 -19"><span class='ocrx_word' id='word_1_103' title='bbox 870 992 1044 1035; x_wconf 90' lang='lat' dir='ltr'><strong>norunt,</strong></span> <span class='ocrx_word' id='word_1_104' title='bbox 1082 984 1158 1027; x_wconf 91' lang='lat' dir='ltr'><strong>etsi</strong></span> <span class='ocrx_word' id='word_1_105' title='bbox 1194 983 1340 1035; x_wconf 77' lang='lat' dir='ltr'><strong>rudos,</strong></span> <span class='ocrx_word' id='word_1_106' title='bbox 1363 990 1405 1027; x_wconf 87' lang='lat' dir='ltr'><strong>et</strong></span> <span class='ocrx_word' id='word_1_107' title='bbox 1436 985 1639 1028; x_wconf 68' lang='lat' dir='ltr'><strong>illitterati</strong></span> <span class='ocrx_word' id='word_1_108' title='bbox 1677 984 1793 1044; x_wconf 91' lang='lat' dir='ltr'><strong>quod</strong></span> <span class='ocrx_word' id='word_1_109' title='bbox 1819 984 1889 1027; x_wconf 91' lang='lat' dir='ltr'><strong>ille</strong></span> <span class='ocrx_word' id='word_1_110' title='bbox 1926 985 1984 1027; x_wconf 93' lang='lat' dir='ltr'><strong>uti</strong></span> <span class='ocrx_word' id='word_1_111' title='bbox 2019 986 2202 1030; x_wconf 80' lang='lat' dir='ltr'><strong>Sanctus</strong></span> <span class='ocrx_word' id='word_1_112' title='bbox 2226 993 2266 1027; x_wconf 91' lang='lat' dir='ltr'><strong>et</strong></span> <span class='ocrx_word' id='word_1_113' title='bbox 2292 985 2366 1027; x_wconf 89' lang='lat' dir='ltr'><strong>ha-</strong></span> 
     </span>
     <span class='ocr_line' id='line_1_35' title="bbox 866 1044 2366 1102; baseline 0 -15"><span class='ocrx_word' id='word_1_114' title='bbox 866 1044 1035 1087; x_wconf 82' lang='lat' dir='ltr'><strong>bendus</strong></span> <span class='ocrx_word' id='word_1_115' title='bbox 1066 1053 1108 1086; x_wconf 90' lang='lat' dir='ltr'><strong>et</strong></span> <span class='ocrx_word' id='word_1_116' title='bbox 1131 1044 1338 1087; x_wconf 79' lang='lat' dir='ltr'><strong>colendus</strong></span> <span class='ocrx_word' id='word_1_117' title='bbox 1371 1045 1526 1102; x_wconf 87' lang='lat' dir='ltr'><strong>estqui</strong></span> <span class='ocrx_word' id='word_1_118' title='bbox 1560 1046 1736 1087; x_wconf 90' lang='lat' dir='ltr'><strong>virtutes</strong></span> <span class='ocrx_word' id='word_1_119' title='bbox 1754 1060 1903 1086; x_wconf 87' lang='lat' dir='ltr'><strong>omnes</strong></span> <span class='ocrx_word' id='word_1_120' title='bbox 1935 1060 2066 1101; x_wconf 87' lang='lat' dir='ltr'><strong>supra</strong></span> <span class='ocrx_word' id='word_1_121' title='bbox 2089 1059 2366 1088; x_wconf 89' lang='lat' dir='ltr'><strong>communem</strong></span> 
     </span>
     <span class='ocr_line' id='line_1_36' title="bbox 869 1103 2364 1164; baseline 0 -17"><span class='ocrx_word' id='word_1_122' title='bbox 869 1105 1023 1164; x_wconf 76' lang='lat' dir='ltr'><strong>agendi</strong></span> <span class='ocrx_word' id='word_1_123' title='bbox 1059 1105 1272 1146; x_wconf 88' lang='lat' dir='ltr'><strong>rationem</strong></span> <span class='ocrx_word' id='word_1_124' title='bbox 1308 1103 1489 1147; x_wconf 83' lang='lat' dir='ltr'><strong>aliorum</strong></span> <span class='ocrx_word' id='word_1_125' title='bbox 1536 1105 1760 1147; x_wconf 87' lang='lat' dir='ltr'><strong>hominum</strong></span> <span class='ocrx_word' id='word_1_126' title='bbox 1810 1105 2049 1161; x_wconf 90' lang='lat' dir='ltr'><strong>proborum</strong></span> <span class='ocrx_word' id='word_1_127' title='bbox 2082 1113 2283 1154; x_wconf 82' lang='lat' dir='ltr'><strong>exercet,</strong></span> <span class='ocrx_word' id='word_1_128' title='bbox 2322 1113 2364 1148; x_wconf 88' lang='lat' dir='ltr'><strong>et</strong></span> 
     </span>
     <span class='ocr_line' id='line_1_37' title="bbox 867 1164 2362 1222; baseline 0.001 -15"><span class='ocrx_word' id='word_1_129' title='bbox 867 1165 1070 1222; x_wconf 80' lang='lat' dir='ltr'><strong>possidet,</strong></span> <span class='ocrx_word' id='word_1_130' title='bbox 1112 1164 1343 1221; x_wconf 83' lang='lat' dir='ltr'><strong>praecipuo</strong></span> <span class='ocrx_word' id='word_1_131' title='bbox 1383 1180 1484 1207; x_wconf 89' lang='lat' dir='ltr'><strong>vero</strong></span> <span class='ocrx_word' id='word_1_132' title='bbox 1521 1173 1563 1207; x_wconf 88' lang='lat' dir='ltr'><strong>et</strong></span> <span class='ocrx_word' id='word_1_133' title='bbox 1599 1164 1787 1207; x_wconf 78' lang='lat' dir='ltr'>maxime</span> <span class='ocrx_word' id='word_1_134' title='bbox 1830 1164 1863 1206; x_wconf 91' lang='lat' dir='ltr'><strong>si</strong></span> <span class='ocrx_word' id='word_1_135' title='bbox 1914 1164 2085 1207; x_wconf 87' lang='lat' dir='ltr'><strong>illarum</strong></span> <span class='ocrx_word' id='word_1_136' title='bbox 2134 1165 2362 1208; x_wconf 75' lang='lat' dir='ltr'><strong>existentia</strong></span> 
     </span>
     <span class='ocr_line' id='line_1_38' title="bbox 867 1224 2363 1282; baseline 0 -14"><span class='ocrx_word' id='word_1_137' title='bbox 867 1226 1028 1268; x_wconf 88' lang='lat' dir='ltr'><strong>Divina</strong></span> <span class='ocrx_word' id='word_1_138' title='bbox 1072 1224 1382 1281; x_wconf 85' lang='lat' dir='ltr'><strong>omnipotentis</strong></span> <span class='ocrx_word' id='word_1_139' title='bbox 1414 1239 1518 1267; x_wconf 88' lang='lat' dir='ltr'><strong>voce</strong></span> <span class='ocrx_word' id='word_1_140' title='bbox 1550 1233 1591 1267; x_wconf 89' lang='lat' dir='ltr'><strong>ct</strong></span> <span class='ocrx_word' id='word_1_141' title='bbox 1630 1224 1876 1267; x_wconf 87' lang='lat' dir='ltr'><strong>testimonio</strong></span> <span class='ocrx_word' id='word_1_142' title='bbox 1917 1226 2241 1282; x_wconf 74' lang='lat' dir='ltr'><strong>comprobetur.</strong></span> <span class='ocrx_word' id='word_1_143' title='bbox 2295 1225 2363 1269; x_wconf 85' lang='lat' dir='ltr'><strong>Nil</strong></span> 
     </span>
     <span class='ocr_line' id='line_1_39' title="bbox 864 1284 2365 1343; baseline 0 -16"><span class='ocrx_word' id='word_1_144' title='bbox 864 1286 1024 1328; x_wconf 84' lang='lat' dir='ltr'><strong>mirum</strong></span> <span class='ocrx_word' id='word_1_145' title='bbox 1056 1300 1158 1342; x_wconf 78' lang='lat' dir='ltr'><strong>ergo</strong></span> <span class='ocrx_word' id='word_1_146' title='bbox 1190 1284 1223 1326; x_wconf 90' lang='lat' dir='ltr'><strong>si</strong></span> <span class='ocrx_word' id='word_1_147' title='bbox 1257 1285 1390 1328; x_wconf 80' lang='lat' dir='ltr'><strong>Serva</strong></span> <span class='ocrx_word' id='word_1_148' title='bbox 1425 1285 1503 1327; x_wconf 87' lang='lat' dir='ltr'><strong>Dei</strong></span> <span class='ocrx_word' id='word_1_149' title='bbox 1540 1286 1581 1328; x_wconf 92' lang='lat' dir='ltr'><strong>in</strong></span> <span class='ocrx_word' id='word_1_150' title='bbox 1614 1301 1698 1343; x_wconf 82' lang='lat' dir='ltr'><strong>qua</strong></span> <span class='ocrx_word' id='word_1_151' title='bbox 1733 1293 1935 1326; x_wconf 88' lang='lat' dir='ltr'><strong>neutrum</strong></span> <span class='ocrx_word' id='word_1_152' title='bbox 1968 1300 2022 1326; x_wconf 88' lang='lat' dir='ltr'><strong>ex</strong></span> <span class='ocrx_word' id='word_1_153' title='bbox 2044 1284 2166 1328; x_wconf 86' lang='lat' dir='ltr'><strong>dictis</strong></span> <span class='ocrx_word' id='word_1_154' title='bbox 2198 1284 2365 1328; x_wconf 89' lang='lat' dir='ltr'><strong>deside-</strong></span> 
     </span>
     <span class='ocr_line' id='line_1_40' title="bbox 866 1344 2359 1403; baseline -0.001 -15"><span class='ocrx_word' id='word_1_155' title='bbox 866 1354 999 1396; x_wconf 85' lang='lat' dir='ltr'><strong>ratur,</strong></span> <span class='ocrx_word' id='word_1_156' title='bbox 1040 1346 1213 1403; x_wconf 81' lang='lat' dir='ltr'><strong>ingente</strong></span> <span class='ocrx_word' id='word_1_157' title='bbox 1231 1352 1273 1388; x_wconf 88' lang='lat' dir='ltr'><strong>et</strong></span> <span class='ocrx_word' id='word_1_158' title='bbox 1312 1345 1546 1389; x_wconf 83' lang='lat' dir='ltr'><strong>universali</strong></span> <span class='ocrx_word' id='word_1_159' title='bbox 1587 1344 1833 1389; x_wconf 87' lang='lat' dir='ltr'><strong>Sanctitatis</strong></span> <span class='ocrx_word' id='word_1_160' title='bbox 1867 1346 1998 1387; x_wconf 88' lang='lat' dir='ltr'>Fama</span> <span class='ocrx_word' id='word_1_161' title='bbox 2042 1345 2171 1388; x_wconf 91' lang='lat' dir='ltr'><strong>etiam</strong></span> <span class='ocrx_word' id='word_1_162' title='bbox 2208 1345 2359 1388; x_wconf 87' lang='lat' dir='ltr'><strong>vivens</strong></span> 
     </span>
     <span class='ocr_line' id='line_1_41' title="bbox 867 1405 1103 1464; baseline -0.004 -15"><span class='ocrx_word' id='word_1_163' title='bbox 867 1407 1000 1464; x_wconf 85' lang='lat' dir='ltr'><strong>potita</strong></span> <span class='ocrx_word' id='word_1_164' title='bbox 1034 1405 1103 1448; x_wconf 87' lang='lat' dir='ltr'><strong>sit.</strong></span> 
     </span>
    </p>

    <p class='ocr_par' dir='ltr' id='par_1_11' title="bbox 860 1464 2364 1874">
     <span class='ocr_line' id='line_1_42' title="bbox 885 1464 2361 1524; baseline -0.001 -13"><span class='ocrx_word' id='word_1_165' title='bbox 885 1469 976 1511; x_wconf 89' lang='lat' dir='ltr'><strong>lam</strong></span> <span class='ocrx_word' id='word_1_166' title='bbox 1011 1481 1112 1508; x_wconf 89' lang='lat' dir='ltr'><strong>vero</strong></span> <span class='ocrx_word' id='word_1_167' title='bbox 1156 1466 1319 1509; x_wconf 88' lang='lat' dir='ltr'><strong>maiore</strong></span> <span class='ocrx_word' id='word_1_168' title='bbox 1356 1482 1441 1524; x_wconf 87' lang='lat' dir='ltr'><strong>qua</strong></span> <span class='ocrx_word' id='word_1_169' title='bbox 1476 1474 1625 1523; x_wconf 90' lang='lat' dir='ltr'><strong>potero</strong></span> <span class='ocrx_word' id='word_1_170' title='bbox 1664 1466 1883 1509; x_wconf 83' lang='lat' dir='ltr'><strong>brevitate</strong></span> <span class='ocrx_word' id='word_1_171' title='bbox 1906 1465 2130 1509; x_wconf 84' lang='lat' dir='ltr'><strong>ostendam</strong></span> <span class='ocrx_word' id='word_1_172' title='bbox 2162 1464 2361 1509; x_wconf 82' lang='lat' dir='ltr'><strong>adductis</strong></span> 
     </span>
     <span class='ocr_line' id='line_1_43' title="bbox 867 1525 2363 1584; baseline -0.001 -14"><span class='ocrx_word' id='word_1_173' title='bbox 867 1528 1037 1572; x_wconf 88' lang='lat' dir='ltr'><strong>testium</strong></span> <span class='ocrx_word' id='word_1_174' title='bbox 1072 1526 1422 1584; x_wconf 84' lang='lat' dir='ltr'><strong>depositionibus</strong></span> <span class='ocrx_word' id='word_1_175' title='bbox 1459 1526 1707 1570; x_wconf 89' lang='lat' dir='ltr'><strong>huiusmodi</strong></span> <span class='ocrx_word' id='word_1_176' title='bbox 1743 1528 1921 1570; x_wconf 84' lang='lat' dir='ltr'>Famam</span> <span class='ocrx_word' id='word_1_177' title='bbox 1951 1527 2195 1570; x_wconf 83' lang='lat' dir='ltr'><strong>Sanctitatis</strong></span> <span class='ocrx_word' id='word_1_178' title='bbox 2229 1525 2363 1569; x_wconf 85' lang='lat' dir='ltr'><strong>relate</strong></span> 
     </span>
     <span class='ocr_line' id='line_1_44' title="bbox 862 1587 2364 1639; baseline -0.002 -6"><span class='ocrx_word' id='word_1_179' title='bbox 862 1589 916 1633; x_wconf 89' lang='lat' dir='ltr'><strong>ad</strong></span> <span class='ocrx_word' id='word_1_180' title='bbox 951 1590 1129 1633; x_wconf 89' lang='lat' dir='ltr'><strong>Servam</strong></span> <span class='ocrx_word' id='word_1_181' title='bbox 1168 1588 1248 1629; x_wconf 91' lang='lat' dir='ltr'><strong>Dei</strong></span> <span class='ocrx_word' id='word_1_182' title='bbox 1280 1587 1410 1630; x_wconf 80' lang='lat' dir='ltr'><strong>fuisse</strong></span> <span class='ocrx_word' id='word_1_183' title='bbox 1434 1588 1739 1638; x_wconf 87' lang='lat' dir='ltr'><strong>universalem,</strong></span> <span class='ocrx_word' id='word_1_184' title='bbox 1770 1595 2037 1631; x_wconf 84' lang='lat' dir='ltr'><strong>constantem</strong></span> <span class='ocrx_word' id='word_1_185' title='bbox 2058 1621 2068 1639; x_wconf 91' lang='lat'><strong><em>‚</em></strong></span> <span class='ocrx_word' id='word_1_186' title='bbox 2096 1587 2138 1630; x_wconf 93' lang='lat' dir='ltr'><strong>in</strong></span> <span class='ocrx_word' id='word_1_187' title='bbox 2156 1587 2249 1631; x_wconf 87' lang='lat' dir='ltr'><strong>dies</strong></span> <span class='ocrx_word' id='word_1_188' title='bbox 2275 1601 2364 1630; x_wconf 87' lang='lat' dir='ltr'>ma-</span> 
     </span>
     <span class='ocr_line' id='line_1_45' title="bbox 860 1647 2356 1707; baseline -0.003 -14"><span class='ocrx_word' id='word_1_189' title='bbox 860 1650 923 1707; x_wconf 84' lang='lat' dir='ltr'><strong>gis</strong></span> <span class='ocrx_word' id='word_1_190' title='bbox 950 1658 1134 1699; x_wconf 87' lang='lat' dir='ltr'><strong>auctam,</strong></span> <span class='ocrx_word' id='word_1_191' title='bbox 1178 1663 1226 1690; x_wconf 89' lang='lat' dir='ltr'><strong>ae</strong></span> <span class='ocrx_word' id='word_1_192' title='bbox 1259 1648 1615 1705; x_wconf 88' lang='lat' dir='ltr'><strong>splendidiorem,</strong></span> <span class='ocrx_word' id='word_1_193' title='bbox 1655 1657 1698 1691; x_wconf 89' lang='lat' dir='ltr'><strong>et</strong></span> <span class='ocrx_word' id='word_1_194' title='bbox 1731 1648 1849 1706; x_wconf 90' lang='lat' dir='ltr'><strong>quod</strong></span> <span class='ocrx_word' id='word_1_195' title='bbox 1898 1648 2031 1705; x_wconf 90' lang='lat' dir='ltr'><strong>pluris</strong></span> <span class='ocrx_word' id='word_1_196' title='bbox 2069 1656 2130 1691; x_wconf 88' lang='lat' dir='ltr'><strong>est</strong></span> <span class='ocrx_word' id='word_1_197' title='bbox 2168 1647 2356 1690; x_wconf 88' lang='lat' dir='ltr'><strong>retinen-</strong></span> 
     </span>
     <span class='ocr_line' id='line_1_46' title="bbox 861 1707 2353 1768; baseline -0.001 -16"><span class='ocrx_word' id='word_1_198' title='bbox 861 1711 984 1760; x_wconf 93' lang='lat' dir='ltr'><strong>dum,</strong></span> <span class='ocrx_word' id='word_1_199' title='bbox 1006 1708 1122 1768; x_wconf 85' lang='lat' dir='ltr'><strong>quod</strong></span> <span class='ocrx_word' id='word_1_200' title='bbox 1155 1707 1269 1751; x_wconf 91' lang='lat' dir='ltr'><strong>dicta</strong></span> <span class='ocrx_word' id='word_1_201' title='bbox 1292 1711 1425 1753; x_wconf 87' lang='lat' dir='ltr'>Fama</span> <span class='ocrx_word' id='word_1_202' title='bbox 1450 1725 1534 1752; x_wconf 90' lang='lat' dir='ltr'><strong>non</strong></span> <span class='ocrx_word' id='word_1_203' title='bbox 1564 1726 1616 1752; x_wconf 88' lang='lat' dir='ltr'><strong>ex</strong></span> <span class='ocrx_word' id='word_1_204' title='bbox 1648 1709 1819 1753; x_wconf 91' lang='lat' dir='ltr'><strong>incertis</strong></span> <span class='ocrx_word' id='word_1_205' title='bbox 1845 1709 1961 1766; x_wconf 80' lang='lat' dir='ltr'><strong>vulgi</strong></span> <span class='ocrx_word' id='word_1_206' title='bbox 1991 1708 2239 1752; x_wconf 87' lang='lat' dir='ltr'><strong>rumoribus</strong></span> <span class='ocrx_word' id='word_1_207' title='bbox 2261 1716 2353 1751; x_wconf 92' lang='lat' dir='ltr'><strong>orta</strong></span> 
     </span>
     <span class='ocr_line' id='line_1_47' title="bbox 860 1768 2354 1821; baseline -0.001 -8"><span class='ocrx_word' id='word_1_208' title='bbox 860 1771 927 1821; x_wconf 90' lang='lat' dir='ltr'><strong>sit,</strong></span> <span class='ocrx_word' id='word_1_209' title='bbox 965 1771 1040 1813; x_wconf 90' lang='lat' dir='ltr'><strong>sed</strong></span> <span class='ocrx_word' id='word_1_210' title='bbox 1059 1787 1082 1812; x_wconf 86' lang='lat' dir='ltr'><strong>e</strong></span> <span class='ocrx_word' id='word_1_211' title='bbox 1106 1777 1254 1812; x_wconf 89' lang='lat' dir='ltr'><strong>contra</strong></span> <span class='ocrx_word' id='word_1_212' title='bbox 1273 1785 1327 1812; x_wconf 85' lang='lat' dir='ltr'><strong>ex</strong></span> <span class='ocrx_word' id='word_1_213' title='bbox 1361 1770 1541 1813; x_wconf 87' lang='lat' dir='ltr'><strong>heroicis</strong></span> <span class='ocrx_word' id='word_1_214' title='bbox 1575 1771 1676 1814; x_wconf 89' lang='lat' dir='ltr'><strong>Eius</strong></span> <span class='ocrx_word' id='word_1_215' title='bbox 1712 1770 1942 1814; x_wconf 85' lang='lat' dir='ltr'><strong>virtutibus</strong></span> <span class='ocrx_word' id='word_1_216' title='bbox 1961 1779 2003 1813; x_wconf 91' lang='lat' dir='ltr'><strong>et</strong></span> <span class='ocrx_word' id='word_1_217' title='bbox 2024 1768 2354 1812; x_wconf 81' lang='lat' dir='ltr'><strong>charismatibus</strong></span> 
     </span>
     <span class='ocr_line' id='line_1_48' title="bbox 863 1830 1230 1874; baseline -0.003 0"><span class='ocrx_word' id='word_1_218' title='bbox 863 1830 992 1874; x_wconf 86' lang='lat' dir='ltr'><strong>suerit</strong></span> <span class='ocrx_word' id='word_1_219' title='bbox 1016 1831 1230 1874; x_wconf 85' lang='lat' dir='ltr'><strong>derivata.</strong></span> 
     </span>
    </p>

    <p class='ocr_par' dir='ltr' id='par_1_12' title="bbox 855 1888 2362 2740">
     <span class='ocr_line' id='line_1_49' title="bbox 880 1888 2362 1949; baseline -0.002 -14"><span class='ocrx_word' id='word_1_220' title='bbox 880 1894 930 1935; x_wconf 91' lang='lat' dir='ltr'><strong>Et</strong></span> <span class='ocrx_word' id='word_1_221' title='bbox 960 1892 1100 1949; x_wconf 81' lang='lat' dir='ltr'><strong>primo</strong></span> <span class='ocrx_word' id='word_1_222' title='bbox 1137 1892 1270 1933; x_wconf 90' lang='lat' dir='ltr'>Fama</span> <span class='ocrx_word' id='word_1_223' title='bbox 1315 1891 1474 1934; x_wconf 90' lang='lat' dir='ltr'><strong>isthaec</strong></span> <span class='ocrx_word' id='word_1_224' title='bbox 1508 1891 1585 1935; x_wconf 88' lang='lat' dir='ltr'><strong>suit</strong></span> <span class='ocrx_word' id='word_1_225' title='bbox 1625 1891 1899 1943; x_wconf 89' lang='lat' dir='ltr'><strong>universalis,</strong></span> <span class='ocrx_word' id='word_1_226' title='bbox 1938 1906 2017 1934; x_wconf 86' lang='lat' dir='ltr'><strong>nee</strong></span> <span class='ocrx_word' id='word_1_227' title='bbox 2050 1898 2261 1933; x_wconf 87' lang='lat' dir='ltr'><strong>coarctata</strong></span> <span class='ocrx_word' id='word_1_228' title='bbox 2286 1888 2362 1932; x_wconf 80' lang='lat' dir='ltr'><strong>fuit</strong></span> 
     </span>
     <span class='ocr_line' id='line_1_50' title="bbox 859 1950 2360 2008; baseline -0.002 -12"><span class='ocrx_word' id='word_1_229' title='bbox 859 1953 927 1996; x_wconf 89' lang='lat' dir='ltr'><strong>vel</strong></span> <span class='ocrx_word' id='word_1_230' title='bbox 967 1953 1009 1994; x_wconf 88' lang='lat' dir='ltr'><strong>in</strong></span> <span class='ocrx_word' id='word_1_231' title='bbox 1048 1951 1295 1994; x_wconf 85' lang='lat' dir='ltr'><strong>domesticis</strong></span> <span class='ocrx_word' id='word_1_232' title='bbox 1324 1952 1559 2008; x_wconf 84' lang='lat' dir='ltr'><strong>parietibus</strong></span> <span class='ocrx_word' id='word_1_233' title='bbox 1594 1953 1699 1996; x_wconf 91' lang='lat' dir='ltr'><strong>dum</strong></span> <span class='ocrx_word' id='word_1_234' title='bbox 1724 1953 1764 1995; x_wconf 91' lang='lat' dir='ltr'><strong>in</strong></span> <span class='ocrx_word' id='word_1_235' title='bbox 1799 1951 1968 1996; x_wconf 88' lang='lat' dir='ltr'><strong>saeculo</strong></span> <span class='ocrx_word' id='word_1_236' title='bbox 1999 1951 2131 1994; x_wconf 87' lang='lat' dir='ltr'><strong>vitam</strong></span> <span class='ocrx_word' id='word_1_237' title='bbox 2165 1950 2360 1994; x_wconf 89' lang='lat' dir='ltr'><strong>traduce-</strong></span> 
     </span>
     <span class='ocr_line' id='line_1_51' title="bbox 859 2010 2361 2071; baseline -0.001 -15"><span class='ocrx_word' id='word_1_238' title='bbox 859 2022 949 2064; x_wconf 81' lang='lat' dir='ltr'><strong>r‹t,</strong></span> <span class='ocrx_word' id='word_1_239' title='bbox 987 2027 1129 2069; x_wconf 87' lang='lat' dir='ltr'><strong>neque</strong></span> <span class='ocrx_word' id='word_1_240' title='bbox 1164 2011 1274 2053; x_wconf 87' lang='lat' dir='ltr'><strong>inter</strong></span> <span class='ocrx_word' id='word_1_241' title='bbox 1307 2013 1552 2056; x_wconf 84' lang='lat' dir='ltr'><strong>Monasterii</strong></span> <span class='ocrx_word' id='word_1_242' title='bbox 1584 2022 1704 2071; x_wconf 88' lang='lat' dir='ltr'><strong>septa</strong></span> <span class='ocrx_word' id='word_1_243' title='bbox 1745 2013 1851 2056; x_wconf 91' lang='lat' dir='ltr'><strong>dum</strong></span> <span class='ocrx_word' id='word_1_244' title='bbox 1896 2021 2005 2056; x_wconf 90' lang='lat' dir='ltr'><strong>essct</strong></span> <span class='ocrx_word' id='word_1_245' title='bbox 2056 2012 2096 2054; x_wconf 90' lang='lat' dir='ltr'><strong>in</strong></span> <span class='ocrx_word' id='word_1_246' title='bbox 2145 2010 2361 2068; x_wconf 84' lang='lat' dir='ltr'><strong>Religiosa</strong></span> 
     </span>
     <span class='ocr_line' id='line_1_52' title="bbox 857 2071 2359 2132; baseline -0.002 -15"><span class='ocrx_word' id='word_1_247' title='bbox 857 2073 1153 2117; x_wconf 86' lang='lat' dir='ltr'><strong>Ursulinarum</strong></span> <span class='ocrx_word' id='word_1_248' title='bbox 1191 2073 1387 2114; x_wconf 67' lang='lat' dir='ltr'><strong>Familia.</strong></span> <span class='ocrx_word' id='word_1_249' title='bbox 1410 2074 1460 2115; x_wconf 89' lang='lat' dir='ltr'><strong>Et</strong></span> <span class='ocrx_word' id='word_1_250' title='bbox 1492 2090 1591 2117; x_wconf 82' lang='lat' dir='ltr'><strong>sane</strong></span> <span class='ocrx_word' id='word_1_251' title='bbox 1621 2074 1689 2117; x_wconf 54' lang='lat' dir='ltr'><strong>vil</strong></span> <span class='ocrx_word' id='word_1_252' title='bbox 1719 2090 1741 2115; x_wconf 87' lang='lat' dir='ltr'>a</span> <span class='ocrx_word' id='word_1_253' title='bbox 1766 2081 1963 2131; x_wconf 87' lang='lat' dir='ltr'><strong>tempore</strong></span> <span class='ocrx_word' id='word_1_254' title='bbox 1996 2089 2085 2132; x_wconf 89' lang='lat' dir='ltr'><strong>quo</strong></span> <span class='ocrx_word' id='word_1_255' title='bbox 2109 2074 2214 2116; x_wconf 87' lang='lat' dir='ltr'><strong>Serv</strong></span> <span class='ocrx_word' id='word_1_256' title='bbox 2219 2088 2243 2114; x_wconf 89' lang='lat' dir='ltr'>a</span> <span class='ocrx_word' id='word_1_257' title='bbox 2278 2071 2359 2114; x_wconf 91' lang='lat' dir='ltr'><strong>Dei</strong></span> 
     </span>
     <span class='ocr_line' id='line_1_53' title="bbox 861 2131 2357 2190; baseline -0.001 -12.993"><span class='ocrx_word' id='word_1_258' title='bbox 861 2135 1001 2178; x_wconf 87' lang='lat' dir='ltr'><strong>adhuc</strong></span> <span class='ocrx_word' id='word_1_259' title='bbox 1041 2133 1082 2175; x_wconf 91' lang='lat' dir='ltr'><strong>in</strong></span> <span class='ocrx_word' id='word_1_260' title='bbox 1125 2132 1295 2174; x_wconf 86' lang='lat' dir='ltr'><strong>saeculo</strong></span> <span class='ocrx_word' id='word_1_261' title='bbox 1343 2134 1594 2176; x_wconf 60' lang='lat' dir='ltr'><strong>mon-zaubuur</strong></span> <span class='ocrx_word' id='word_1_262' title='bbox 1640 2134 1819 2176; x_wconf 81' lang='lat' dir='ltr'><strong>maximi</strong></span> <span class='ocrx_word' id='word_1_263' title='bbox 1859 2134 1979 2190; x_wconf 86' lang='lat' dir='ltr'><strong>apud</strong></span> <span class='ocrx_word' id='word_1_264' title='bbox 2023 2148 2174 2176; x_wconf 89' lang='lat' dir='ltr'><strong>omnes</strong></span> <span class='ocrx_word' id='word_1_265' title='bbox 2209 2131 2357 2176; x_wconf 85' lang='lat' dir='ltr'><strong>habita</strong></span> 
     </span>
     <span class='ocr_line' id='line_1_54' title="bbox 859 2191 2360 2262; baseline -0.002 -24"><span class='ocrx_word' id='word_1_266' title='bbox 859 2204 967 2244; x_wconf 84' lang='lat' dir='ltr'><strong>erat,</strong></span> <span class='ocrx_word' id='word_1_267' title='bbox 1005 2191 1364 2262; x_wconf 86' lang='lat' dir='ltr'><strong>quandoquidem</strong></span> <span class='ocrx_word' id='word_1_268' title='bbox 1398 2193 1465 2235; x_wconf 94' lang='lat' dir='ltr'><strong>vel</strong></span> <span class='ocrx_word' id='word_1_269' title='bbox 1517 2194 1606 2251; x_wconf 90' lang='lat' dir='ltr'><strong>ipsa</strong></span> <span class='ocrx_word' id='word_1_270' title='bbox 1646 2194 1744 2236; x_wconf 85' lang='lat' dir='ltr'><strong>Eius</strong></span> <span class='ocrx_word' id='word_1_271' title='bbox 1782 2193 1908 2237; x_wconf 79' lang='lat' dir='ltr'><strong>lacios</strong></span> <span class='ocrx_word' id='word_1_272' title='bbox 1941 2194 2224 2237; x_wconf 88' lang='lat' dir='ltr'><strong>Sanctitatem</strong></span> <span class='ocrx_word' id='word_1_273' title='bbox 2266 2192 2360 2250; x_wconf 89' lang='lat' dir='ltr'><strong>spi-</strong></span> 
     </span>
     <span class='ocr_line' id='line_1_55' title="bbox 859 2253 2360 2310; baseline -0.003 -11"><span class='ocrx_word' id='word_1_274' title='bbox 859 2271 956 2299; x_wconf 88' lang='lat' dir='ltr'><strong>rans</strong></span> <span class='ocrx_word' id='word_1_275' title='bbox 989 2253 1120 2297; x_wconf 88' lang='lat' dir='ltr'><strong>etiam</strong></span> <span class='ocrx_word' id='word_1_276' title='bbox 1155 2267 1233 2310; x_wconf 90' lang='lat' dir='ltr'><strong>per</strong></span> <span class='ocrx_word' id='word_1_277' title='bbox 1266 2253 1356 2295; x_wconf 91' lang='lat' dir='ltr'><strong>vias</strong></span> <span class='ocrx_word' id='word_1_278' title='bbox 1392 2254 1509 2296; x_wconf 89' lang='lat' dir='ltr'><strong>urbis</strong></span> <span class='ocrx_word' id='word_1_279' title='bbox 1552 2255 1846 2297; x_wconf 85' lang='lat' dir='ltr'><strong>Touroneusis</strong></span> <span class='ocrx_word' id='word_1_280' title='bbox 1894 2255 2098 2298; x_wconf 82' lang='lat' dir='ltr'><strong>incedens</strong></span> <span class='ocrx_word' id='word_1_281' title='bbox 2130 2268 2281 2296; x_wconf 90' lang='lat' dir='ltr'><strong>omnes</strong></span> <span class='ocrx_word' id='word_1_282' title='bbox 2316 2253 2360 2296; x_wconf 89' lang='lat' dir='ltr'><strong>in</strong></span> 
     </span>
     <span class='ocr_line' id='line_1_56' title="bbox 855 2313 2355 2373; baseline -0.002 -14"><span class='ocrx_word' id='word_1_283' title='bbox 855 2317 920 2359; x_wconf 92' lang='lat' dir='ltr'><strong>sui</strong></span> <span class='ocrx_word' id='word_1_284' title='bbox 954 2313 1286 2359; x_wconf 89' lang='lat' dir='ltr'><strong>admirationem</strong></span> <span class='ocrx_word' id='word_1_285' title='bbox 1339 2315 1599 2358; x_wconf 34' lang='lat' dir='ltr'><strong>attrahessblt</strong></span> <span class='ocrx_word' id='word_1_286' title='bbox 1647 2314 1696 2357; x_wconf 90' lang='lat' dir='ltr'><strong>ld</strong></span> <span class='ocrx_word' id='word_1_287' title='bbox 1744 2314 1872 2357; x_wconf 76' lang='lat' dir='ltr'><strong>nesert</strong></span> <span class='ocrx_word' id='word_1_288' title='bbox 1911 2315 2048 2358; x_wconf 88' lang='lat' dir='ltr'><strong>Testis</strong></span> <span class='ocrx_word' id='word_1_289' title='bbox 2081 2316 2121 2356; x_wconf 89' lang='lat' dir='ltr'>X</span> <span class='ocrx_word' id='word_1_290' title='bbox 2155 2314 2355 2373; x_wconf 91' lang='lat' dir='ltr'><strong>(Summ.</strong></span> 
     </span>
     <span class='ocr_line' id='line_1_57' title="bbox 856 2375 2359 2439; baseline -0.001 -20"><span class='ocrx_word' id='word_1_291' title='bbox 856 2392 978 2421; x_wconf 86' lang='lat' dir='ltr'><strong>num.</strong></span> <span class='ocrx_word' id='word_1_292' title='bbox 1013 2376 1068 2419; x_wconf 86' lang='lat'><strong>111</strong></span> <span class='ocrx_word' id='word_1_293' title='bbox 1103 2389 1202 2432; x_wconf 83' lang='lat' dir='ltr'><strong>pag.</strong></span> <span class='ocrx_word' id='word_1_294' title='bbox 1239 2375 1338 2434; x_wconf 87' lang='grc'><strong>28.)</strong></span> <span class='ocrx_word' id='word_1_295' title='bbox 1378 2395 1394 2413; x_wconf 72' lang='grc' dir='ltr'><strong>ι</strong></span> <span class='ocrx_word' id='word_1_296' title='bbox 1440 2376 1565 2418; x_wconf 84' lang='lat' dir='ltr'><strong>Eravi</strong></span> <span class='ocrx_word' id='word_1_297' title='bbox 1603 2376 1646 2419; x_wconf 94' lang='lat' dir='ltr'><strong>in</strong></span> <span class='ocrx_word' id='word_1_298' title='bbox 1687 2383 1793 2418; x_wconf 87' lang='lat' dir='ltr'><strong>tutta</strong></span> <span class='ocrx_word' id='word_1_299' title='bbox 1827 2377 1867 2419; x_wconf 88' lang='lat' dir='ltr'><strong>la</strong></span> <span class='ocrx_word' id='word_1_300' title='bbox 1906 2391 1981 2418; x_wconf 92' lang='lat' dir='ltr'><strong>sua</strong></span> <span class='ocrx_word' id='word_1_301' title='bbox 2017 2390 2198 2439; x_wconf 89' lang='lat' dir='ltr'><strong>persona</strong></span> <span class='ocrx_word' id='word_1_302' title='bbox 2236 2389 2359 2418; x_wconf 91' lang='lat' dir='ltr'><strong>come</strong></span> 
     </span>
     <span class='ocr_line' id='line_1_58' title="bbox 863 2431 2352 2494; baseline -0.002 -13"><span class='ocrx_word' id='word_1_303' title='bbox 863 2458 879 2476; x_wconf 68' lang='grc' dir='ltr'><em>ν</em></span> <span class='ocrx_word' id='word_1_304' title='bbox 919 2453 975 2481; x_wconf 89' lang='lat' dir='ltr'><strong>un</strong></span> <span class='ocrx_word' id='word_1_305' title='bbox 1015 2435 1205 2494; x_wconf 80' lang='lat' dir='ltr'><strong>suggcllo</strong></span> <span class='ocrx_word' id='word_1_306' title='bbox 1244 2434 1288 2477; x_wconf 91' lang='lat' dir='ltr'><strong>di</strong></span> <span class='ocrx_word' id='word_1_307' title='bbox 1327 2436 1580 2492; x_wconf 80' lang='lat' dir='ltr'><strong>grandezza,</strong></span> <span class='ocrx_word' id='word_1_308' title='bbox 1621 2453 1645 2480; x_wconf 92' lang='lat' dir='ltr'><strong>e</strong></span> <span class='ocrx_word' id='word_1_309' title='bbox 1679 2436 1723 2479; x_wconf 88' lang='lat' dir='ltr'><strong>di</strong></span> <span class='ocrx_word' id='word_1_310' title='bbox 1757 2436 1911 2480; x_wconf 89' lang='lat' dir='ltr'><strong>santita</strong></span> <span class='ocrx_word' id='word_1_311' title='bbox 1933 2436 2011 2479; x_wconf 87' lang='lat' dir='ltr'><strong>che</strong></span> <span class='ocrx_word' id='word_1_312' title='bbox 2041 2431 2352 2494; x_wconf 89' lang='lat' dir='ltr'><strong>sorprcndeva.</strong></span> 
     </span>
     <span class='ocr_line' id='line_1_59' title="bbox 865 2496 2355 2542; baseline 0.001 -4"><span class='ocrx_word' id='word_1_313' title='bbox 865 2520 880 2538; x_wconf 66' lang='lat' dir='ltr'>a</span> <span class='ocrx_word' id='word_1_314' title='bbox 919 2497 1120 2542; x_wconf 78' lang='lat' dir='ltr'><strong>Allorche</strong></span> <span class='ocrx_word' id='word_1_315' title='bbox 1159 2498 1258 2539; x_wconf 83' lang='lat' dir='ltr'><strong>Essa</strong></span> <span class='ocrx_word' id='word_1_316' title='bbox 1295 2505 1582 2541; x_wconf 85' lang='lat' dir='ltr'><strong>attraversava</strong></span> <span class='ocrx_word' id='word_1_317' title='bbox 1607 2498 1646 2541; x_wconf 90' lang='lat' dir='ltr'><strong>le</strong></span> <span class='ocrx_word' id='word_1_318' title='bbox 1690 2497 1757 2540; x_wconf 83' lang='lat' dir='ltr'><strong>vie</strong></span> <span class='ocrx_word' id='word_1_319' title='bbox 1786 2497 2008 2541; x_wconf 87' lang='lat' dir='ltr'><strong>recandosi</strong></span> <span class='ocrx_word' id='word_1_320' title='bbox 2047 2496 2087 2540; x_wconf 87' lang='lat' dir='ltr'><strong>ai</strong></span> <span class='ocrx_word' id='word_1_321' title='bbox 2115 2497 2210 2540; x_wconf 92' lang='lat' dir='ltr'><strong>suoi</strong></span> <span class='ocrx_word' id='word_1_322' title='bbox 2235 2496 2355 2539; x_wconf 80' lang='lat' dir='ltr'>anari</span> 
     </span>
     <span class='ocr_line' id='line_1_60' title="bbox 864 2556 2355 2617; baseline 0.001 -18"><span class='ocrx_word' id='word_1_323' title='bbox 864 2580 880 2599; x_wconf 71' lang='grc' dir='ltr'><strong>ι</strong></span> <span class='ocrx_word' id='word_1_324' title='bbox 918 2560 952 2603; x_wconf 88' lang='grc' dir='ltr'><strong>5ἰ</strong></span> <span class='ocrx_word' id='word_1_325' title='bbox 975 2558 1144 2603; x_wconf 89' lang='lat' dir='ltr'><strong>vedeva</strong></span> <span class='ocrx_word' id='word_1_326' title='bbox 1178 2556 1218 2599; x_wconf 86' lang='lat' dir='ltr'><strong>la</strong></span> <span class='ocrx_word' id='word_1_327' title='bbox 1241 2566 1368 2614; x_wconf 82' lang='lat' dir='ltr'><strong>gente</strong></span> <span class='ocrx_word' id='word_1_328' title='bbox 1390 2558 1468 2601; x_wconf 88' lang='lat' dir='ltr'><strong>che</strong></span> <span class='ocrx_word' id='word_1_329' title='bbox 1497 2560 1530 2603; x_wconf 91' lang='lat' dir='ltr'><strong>si</strong></span> <span class='ocrx_word' id='word_1_330' title='bbox 1570 2559 1761 2602; x_wconf 83' lang='lat' dir='ltr'><strong>lermava</strong></span> <span class='ocrx_word' id='word_1_331' title='bbox 1786 2574 1864 2617; x_wconf 88' lang='lat' dir='ltr'><strong>per</strong></span> <span class='ocrx_word' id='word_1_332' title='bbox 1893 2557 2068 2602; x_wconf 87' lang='lat' dir='ltr'><strong>vederla</strong></span> <span class='ocrx_word' id='word_1_333' title='bbox 2105 2573 2292 2616; x_wconf 87' lang='lat' dir='ltr'><strong>passare,</strong></span> <span class='ocrx_word' id='word_1_334' title='bbox 2331 2572 2355 2600; x_wconf 89' lang='lat' dir='ltr'><strong>e</strong></span> 
     </span>
     <span class='ocr_line' id='line_1_61' title="bbox 865 2619 2353 2680; baseline -0.001 -16"><span class='ocrx_word' id='word_1_335' title='bbox 865 2641 880 2658; x_wconf 72' lang='grc' dir='ltr'><strong>υ</strong></span> <span class='ocrx_word' id='word_1_336' title='bbox 919 2619 1095 2680; x_wconf 91' lang='lat' dir='ltr'><strong>quando</strong></span> <span class='ocrx_word' id='word_1_337' title='bbox 1118 2619 1216 2661; x_wconf 87' lang='lat' dir='ltr'><strong>Essa</strong></span> <span class='ocrx_word' id='word_1_338' title='bbox 1245 2634 1317 2662; x_wconf 89' lang='lat' dir='ltr'><strong>era</strong></span> <span class='ocrx_word' id='word_1_339' title='bbox 1352 2628 1516 2680; x_wconf 88' lang='lat' dir='ltr'><strong>passata</strong></span> <span class='ocrx_word' id='word_1_340' title='bbox 1548 2619 1732 2664; x_wconf 88' lang='lat' dir='ltr'><strong>dicevasi</strong></span> <span class='ocrx_word' id='word_1_341' title='bbox 1755 2635 1835 2663; x_wconf 80' lang='lat' dir='ltr'><strong>con</strong></span> <span class='ocrx_word' id='word_1_342' title='bbox 1873 2619 2178 2663; x_wconf 85' lang='lat' dir='ltr'><strong>ammirazione</strong></span> <span class='ocrx_word' id='word_1_343' title='bbox 2212 2619 2353 2662; x_wconf 88' lang='lat' dir='ltr'><strong>alzan-</strong></span> 
     </span>
     <span class='ocr_line' id='line_1_62' title="bbox 865 2678 2055 2740; baseline -0.002 -15"><span class='ocrx_word' id='word_1_344' title='bbox 865 2701 880 2719; x_wconf 79' lang='grc'>»</span> <span class='ocrx_word' id='word_1_345' title='bbox 921 2682 979 2726; x_wconf 90' lang='lat' dir='ltr'><strong>do</strong></span> <span class='ocrx_word' id='word_1_346' title='bbox 1011 2680 1068 2740; x_wconf 76' lang='lat' dir='ltr'><strong>gli</strong></span> <span class='ocrx_word' id='word_1_347' title='bbox 1092 2678 1209 2722; x_wconf 87' lang='lat' dir='ltr'><strong>occhi</strong></span> <span class='ocrx_word' id='word_1_348' title='bbox 1243 2679 1281 2722; x_wconf 89' lang='lat' dir='ltr'><strong>al</strong></span> <span class='ocrx_word' id='word_1_349' title='bbox 1316 2680 1479 2723; x_wconf 87' lang='lat' dir='ltr'><strong>Cielo-</strong></span> <span class='ocrx_word' id='word_1_350' title='bbox 1496 2683 1527 2723; x_wconf 87' lang='lat' dir='ltr'>E</span> <span class='ocrx_word' id='word_1_351' title='bbox 1560 2681 1760 2724; x_wconf 83' lang='lat' dir='ltr'><strong>Madama</strong></span> <span class='ocrx_word' id='word_1_352' title='bbox 1794 2681 1963 2724; x_wconf 48' lang='grc' dir='ltr'><strong>Μυιιιίιι.</strong></span> <span class='ocrx_word' id='word_1_353' title='bbox 1981 2706 2011 2713; x_wconf 92' lang='grc'>-</span> <span class='ocrx_word' id='word_1_354' title='bbox 2039 2700 2055 2719; x_wconf 71' lang='grc' dir='ltr'><strong>ι»</strong></span> 
     </span>
    </p>

    <p class='ocr_par' dir='ltr' id='par_1_13' title="bbox 858 2739 2362 2984">
     <span class='ocr_line' id='line_1_63' title="bbox 881 2739 2355 2799; baseline -0.003 -12"><span class='ocrx_word' id='word_1_355' title='bbox 881 2744 993 2787; x_wconf 89' lang='lat' dir='ltr'><strong>Cum</strong></span> <span class='ocrx_word' id='word_1_356' title='bbox 1024 2756 1130 2784; x_wconf 73' lang='lat' dir='ltr'><strong>veno</strong></span> <span class='ocrx_word' id='word_1_357' title='bbox 1153 2739 1314 2783; x_wconf 85' lang='lat' dir='ltr'><strong>Eadem</strong></span> <span class='ocrx_word' id='word_1_358' title='bbox 1340 2743 1473 2786; x_wconf 87' lang='lat' dir='ltr'><strong>Serva</strong></span> <span class='ocrx_word' id='word_1_359' title='bbox 1497 2741 1577 2784; x_wconf 88' lang='lat' dir='ltr'><strong>Dei</strong></span> <span class='ocrx_word' id='word_1_360' title='bbox 1613 2742 1655 2784; x_wconf 91' lang='lat' dir='ltr'><strong>in</strong></span> <span class='ocrx_word' id='word_1_361' title='bbox 1689 2741 1912 2799; x_wconf 76' lang='lat' dir='ltr'><strong>Religione</strong></span> <span class='ocrx_word' id='word_1_362' title='bbox 1941 2742 2074 2784; x_wconf 84' lang='lat' dir='ltr'><strong>vitam</strong></span> <span class='ocrx_word' id='word_1_363' title='bbox 2112 2742 2355 2786; x_wconf 84' lang='lat' dir='ltr'><strong>traduceret</strong></span> 
     </span>
     <span class='ocr_line' id='line_1_64' title="bbox 862 2801 2362 2861; baseline -0.003 -13"><span class='ocrx_word' id='word_1_364' title='bbox 862 2805 991 2848; x_wconf 87' lang='lat' dir='ltr'><strong>etiam</strong></span> <span class='ocrx_word' id='word_1_365' title='bbox 1021 2801 1269 2845; x_wconf 86' lang='lat' dir='ltr'><strong>huiusmodi</strong></span> <span class='ocrx_word' id='word_1_366' title='bbox 1296 2803 1428 2845; x_wconf 87' lang='lat' dir='ltr'>Fama</span> <span class='ocrx_word' id='word_1_367' title='bbox 1454 2802 1699 2846; x_wconf 85' lang='lat' dir='ltr'><strong>Sanctitatis</strong></span> <span class='ocrx_word' id='word_1_368' title='bbox 1738 2804 1874 2861; x_wconf 89' lang='lat' dir='ltr'><strong>potita</strong></span> <span class='ocrx_word' id='word_1_369' title='bbox 1908 2811 1970 2846; x_wconf 79' lang='lat' dir='ltr'><strong>cst</strong></span> <span class='ocrx_word' id='word_1_370' title='bbox 1994 2803 2084 2846; x_wconf 88' lang='lat' dir='ltr'><strong>sive</strong></span> <span class='ocrx_word' id='word_1_371' title='bbox 2122 2801 2238 2860; x_wconf 88' lang='lat' dir='ltr'><strong>apud</strong></span> <span class='ocrx_word' id='word_1_372' title='bbox 2262 2817 2362 2845; x_wconf 89' lang='lat' dir='ltr'><strong>con-</strong></span> 
     </span>
     <span class='ocr_line' id='line_1_65' title="bbox 859 2863 2360 2922; baseline -0.003 -13"><span class='ocrx_word' id='word_1_373' title='bbox 859 2880 1040 2915; x_wconf 86' lang='lat' dir='ltr'><strong>sorores,</strong></span> <span class='ocrx_word' id='word_1_374' title='bbox 1076 2863 1168 2906; x_wconf 88' lang='lat' dir='ltr'><strong>sive</strong></span> <span class='ocrx_word' id='word_1_375' title='bbox 1216 2863 1330 2920; x_wconf 88' lang='lat' dir='ltr'><strong>apud</strong></span> <span class='ocrx_word' id='word_1_376' title='bbox 1370 2871 1585 2907; x_wconf 88' lang='lat' dir='ltr'><strong>externos.</strong></span> <span class='ocrx_word' id='word_1_377' title='bbox 1622 2866 1668 2906; x_wconf 90' lang='lat' dir='ltr'><strong>ln</strong></span> <span class='ocrx_word' id='word_1_378' title='bbox 1708 2864 1963 2908; x_wconf 86' lang='lat' dir='ltr'><strong>Monasterio</strong></span> <span class='ocrx_word' id='word_1_379' title='bbox 2000 2863 2360 2922; x_wconf 89' lang='lat' dir='ltr'><strong>quidem,alum-</strong></span> 
     </span>
     <span class='ocr_line' id='line_1_66' title="bbox 858 2923 2362 2984; baseline -0.001 -14"><span class='ocrx_word' id='word_1_380' title='bbox 858 2942 940 2970; x_wconf 87' lang='lat' dir='ltr'><strong>nae</strong></span> <span class='ocrx_word' id='word_1_381' title='bbox 982 2923 1196 2983; x_wconf 89' lang='lat' dir='ltr'><strong>siquidem</strong></span> <span class='ocrx_word' id='word_1_382' title='bbox 1221 2924 1372 2967; x_wconf 88' lang='lat' dir='ltr'><strong>Eidem</strong></span> <span class='ocrx_word' id='word_1_383' title='bbox 1414 2933 1565 2982; x_wconf 90' lang='lat' dir='ltr'><strong>utpote</strong></span> <span class='ocrx_word' id='word_1_384' title='bbox 1587 2934 1759 2969; x_wconf 88' lang='lat' dir='ltr'><strong>sanctae</strong></span> <span class='ocrx_word' id='word_1_385' title='bbox 1789 2927 1847 2969; x_wconf 88' lang='lat' dir='ltr'><strong>ab</strong></span> <span class='ocrx_word' id='word_1_386' title='bbox 1871 2925 1970 2984; x_wconf 89' lang='lat' dir='ltr'><strong>ipsis</strong></span> <span class='ocrx_word' id='word_1_387' title='bbox 1993 2925 2262 2969; x_wconf 83' lang='lat' dir='ltr'><strong>existimatae</strong></span> <span class='ocrx_word' id='word_1_388' title='bbox 2284 2939 2362 2982; x_wconf 88' lang='lat' dir='ltr'><strong>pe-</strong></span> 
     </span>
    </p>
   </div>
   <div class='ocr_carea' id='block_1_11' title="bbox 2284 0 2756 404">
    <p class='ocr_par' dir='ltr' id='par_1_14' title="bbox 2284 0 2756 404">
     <span class='ocr_line' id='line_1_67' title="bbox 2284 0 2756 404; baseline 0 0"><span class='ocrx_word' id='word_1_389' title='bbox 2284 0 2756 404; x_wconf 95' lang='lat' dir='ltr'><strong>  </strong></span> 
     </span>
    </p>
   </div>
   <div class='ocr_carea' id='block_1_12' title="bbox 0 2951 2756 3568">
    <p class='ocr_par' dir='ltr' id='par_1_15' title="bbox 0 2951 2756 3568">
     <span class='ocr_line' id='line_1_68' title="bbox 0 2951 2756 3568; baseline 0 -554"><span class='ocrx_word' id='word_1_390' title='bbox 0 2951 2756 3568; x_wconf 95' lang='lat' dir='ltr'><strong>  </strong></span> 
     </span>
    </p>
   </div>
  </div>
 </body>
</html>
