2624 3568
565 239 627 283 82

569 311 833 357 beneficium
867 322 910 357 et
942 311 1111 357 donum
1145 312 1354 357 eximium
1389 314 1490 357 satis
1523 328 1742 372 superque
1766 313 2013 371 adprobare
2037 316 2100 361 vi-

564 373 695 418 detur
717 373 872 433 agendi
896 373 1108 417 rationem
1133 375 1291 420 Sorvae,
1316 374 1396 417 Dei
1421 374 1669 419 huiusmodi
1695 374 1876 431 negotiis
1901 377 2091 422 vacantis

574 450 623 479 ac
657 448 734 492 per
766 449 1031 493 consequens
1055 434 1253 479 refellere
1275 434 1388 478 valet
1413 434 1677 480 ineluctabili
1703 442 1958 493 argumento
1988 436 2098 482 dil‘li-

567 495 771 540 cultatem
796 494 1043 539 Adversarii
1080 494 1440 554 praestantissimi
1474 496 1762 556 improbantis
1794 496 1973 542 Servum
2008 498 2089 542 Dei

570 555 690 615 quasi
725 556 895 614 negotia
928 555 1142 600 eiusmodi
1176 556 1372 615 gessisset
1405 572 1517 616 quae
1549 573 1652 602 suae
1694 557 1838 606 aetati,
1874 571 1924 601 ae
1970 559 2091 602 sexui

570 616 715 660 minus
748 625 887 661 essent
921 626 1222 662 consentanca.
1261 618 1347 661 Noc
1381 619 1542 662 mirum
1579 618 1736 676 cuique
1780 617 1915 661 videri
1951 625 2092 675 potest

568 677 687 737 quod
707 680 822 721 Deus
842 679 933 736 ipse
954 677 1157 737 singulari
1185 678 1256 722 illo
1276 678 1452 722 intimae
1474 679 1645 723 unionis
1671 677 1898 737 privilegio
1920 693 2091 724 servam

568 752 693 782 suam
726 738 785 783 ita
819 739 1022 784 ditaverit
1058 747 1102 783 ut
1137 739 1234 783 licet
1270 739 1311 782 in
1348 740 1493 783 medio
1529 748 1589 782 tot
1612 739 1962 783 vicissitudinum
1986 748 2028 784 ct
2051 741 2095 785 in

569 807 631 843 tot
665 799 937 844 diversarum
988 800 1318 859 occupationum
1353 800 1534 858 strepitu
1569 800 1642 844 diu
1681 807 1896 858 noctuque
1930 800 2095 844 Eadem

572 870 739 904 versata
773 861 824 904 sit
857 869 1047 904 attamen
1073 860 1315 904 solitudinis
1341 860 1588 912 utilitatem,
1609 870 1651 904 et
1674 859 1954 904 commodum
1979 877 2029 905 ac
2060 862 2093 906 si

564 922 608 965 in
633 935 781 964 eremo
812 921 1005 979 degeret,
1044 921 1176 966 fuerit
1209 930 1417 973 assecuta,
1446 921 1524 965 boc
1549 922 1728 981 inquam
1756 923 1917 965 mirum
1953 923 2095 966 nemi-

565 981 607 1025 ni
646 981 781 1025 videri
816 982 949 1025 debet
982 981 1341 1041 quandoquidem
1366 997 1450 1025 non
1478 983 1661 1026 insolens
1696 982 1775 1026 boc
1793 990 1873 1033 est,
1903 983 1991 1026 imo
2010 983 2092 1028 fre-

566 1051 754 1103 quenter
787 1043 866 1086 hoc
900 1044 1017 1086 Deus
1052 1043 1229 1101 largitur
1262 1043 1313 1086 iis
1345 1043 1550 1087 omnibus
1584 1045 1657 1103 qui
1694 1059 1771 1101 pro
1804 1059 1883 1088 suo
1916 1059 2089 1096 amore,

567 1111 609 1146 et
644 1119 723 1161 pro
756 1104 939 1147 aliorum
984 1104 1149 1154 salute,
1187 1112 1317 1162 atque
1370 1104 1554 1148 utilitate
1588 1106 1777 1148 libenter
1809 1120 1886 1154 se,
1925 1120 2090 1163 suaque

568 1164 716 1208 omnia
750 1165 903 1209 Eidem
938 1164 1122 1209 ol'l'erunt
1155 1173 1197 1208 et.
1221 1164 1353 1208 voluti
1388 1165 1682 1209 holocaustum
1721 1163 1980 1209 sacrificant.
2022 1165 2093 1210 Sic

569 1226 823 1270 universalis
857 1225 1065 1269 Ecclesiae
1087 1226 1238 1269 doctor
1259 1233 1302 1268 et
1325 1225 1529 1269 Gentium
1551 1225 1784 1285 Apostolus
1808 1225 1904 1268 licet
1929 1226 1970 1268 in
1995 1226 2094 1269 soli-

564 1286 757 1331 citudine
789 1286 985 1329 omnium
1021 1286 1301 1330 Ecclesiarum
1328 1286 1624 1330 indesinenter
1647 1286 1874 1336 distentus,
1901 1295 2092 1331 attamen

569 1347 626 1391 de
649 1347 789 1405 scipso
807 1347 988 1405 loquens
1009 1355 1050 1390 et
1073 1346 1129 1390 de
1154 1346 1305 1391 intima
1328 1363 1405 1391 sua
1429 1363 1530 1390 cum
1556 1349 1649 1391 Deo
1677 1347 1839 1391 unione
1861 1346 2006 1391 dicere
2030 1362 2095 1390 so-

572 1408 674 1452 litus
707 1414 799 1452 crat
830 1408 1111 1453 Conversatio
1146 1416 1287 1451 nostra
1321 1407 1365 1451 in
1398 1408 1528 1451 coelis
1561 1417 1641 1452 est.
1676 1409 1745 1452 Sic
1783 1409 1829 1454 S.
1868 1408 2092 1467 Philippus

565 1469 719 1513 Nerius
751 1469 824 1528 qui
861 1477 908 1512 ut
942 1469 1125 1529 quisque
1160 1468 1295 1512 noscit
1329 1469 1371 1512 in
1400 1468 1543 1513 media
1579 1469 1658 1513 hac.
1693 1469 1800 1512 urbe
1837 1467 1969 1513 vitam
2011 1477 2095 1513 tra-

570 1529 735 1576 ducens
779 1536 892 1574 totus
925 1539 1013 1574 erat
1048 1531 1089 1573 in
1124 1529 1316 1574 curanda
1352 1529 1595 1573 animarum
1629 1530 1783 1580 salute,
1807 1536 2003 1573 attamen
2037 1530 2093 1575 ita

565 1592 661 1634 Deo
694 1591 879 1649 Spiritus
914 1591 1012 1634 Eius
1046 1591 1200 1634 intime
1244 1589 1509 1634 adhaerebat
1545 1598 1589 1634 ut
1623 1590 1668 1634 in
1703 1589 1906 1634 exstasim
1955 1605 2090 1649 quam

567 1652 815 1709 saepissime
838 1660 1063 1710 raperetur
1077 1652 1333 1712 praesertim
1356 1667 1453 1694 cum
1478 1651 1532 1695 ad
1550 1653 1699 1696 Altare
1722 1653 2005 1694 incruentum
2030 1667 2095 1696 sa-

567 1712 777 1756 criticium
811 1713 1003 1756 ol‘l'erret.
1030 1713 1101 1756 Sic
1125 1720 1172 1755 ut.
1187 1713 1291 1756 alios
1317 1712 1459 1769 plures
1492 1712 1690 1756 omittam
1713 1712 1955 1770 Serapliina
1989 1713 2093 1756 Car-

568 1773 670 1817 meli
690 1774 844 1817 Sancta
866 1775 1057 1822 Teresia,
1075 1773 1175 1817 licet
1198 1772 1326 1816 variis
1345 1773 1509 1831 ubique
1531 1772 1730 1817 distincta
1752 1773 1881 1823 curis,
1909 1781 1951 1817 et
1975 1788 2097 1817 occu-

566 1834 816 1893 pationibus
851 1833 1083 1893 praecipue
1119 1834 1160 1876 in
1196 1833 1398 1892 regendis
1421 1834 1549 1877 sacris
1569 1833 1826 1892 virginibus,
1853 1834 1961 1892 quin
1978 1842 2021 1876 et
2045 1834 2090 1877 in

566 1896 672 1939 viris
705 1896 768 1938 sui
802 1895 980 1939 Ordinis
1014 1903 1128 1939 recte
1153 1894 1425 1938 instituendis
1449 1895 1528 1938 boc
1551 1910 1638 1937 non
1658 1895 1875 1945 obstante,
1906 1895 1948 1938 in
1973 1895 2094 1938 coelo

565 1957 705 2015 magis
738 1972 870 2016 quam
907 1957 948 1999 in
989 1956 1110 1999 terris
1146 1956 1277 2000 vitam
1305 1955 1543 2014 transigere
1564 1955 1815 1999 videbatur.
1846 1957 1905 1999 lta
1927 1955 2094 2015 pariter

565 2019 701 2064 Serva
736 2017 818 2060 Dei
851 2019 982 2062 Soror
1025 2017 1157 2061 illaria
1191 2018 1247 2060 ab
1270 2016 1568 2060 lncarnatione
1589 2032 1701 2076 quae
1727 2016 1881 2060 merito
1915 2032 1938 2059 a
1973 2031 2095 2060 sum·

567 2078 650 2122 mis
685 2080 848 2138 pietate
882 2078 1080 2122 doctrina
1115 2085 1159 2121 et
1192 2077 1402 2136 dignitate
1424 2077 1526 2121 viris
1561 2078 1693 2121 altera
1728 2077 1954 2121 Americae
1987 2079 2092 2137 Sep-

569 2140 887 2199 t-emptrionalis
911 2139 1087 2183 Teresia
1122 2147 1367 2197 nuncupata
1400 2147 1463 2182 est
1506 2138 1547 2181 in
1593 2138 1738 2183 medio
1782 2138 1938 2182 sacculi
1988 2146 2097 2181 stre-

565 2200 677 2260 pitu,
705 2209 748 2244 et
773 2209 1042 2244 terrenarum
1065 2200 1413 2258 occupationum,
1452 2199 1609 2243 idcirco
1632 2199 1748 2259 quod
1785 2199 1835 2243 iis
1856 2199 1982 2243 unice
2018 2214 2090 2243 va·

565 2262 726 2305 caverit
761 2278 838 2320 pro
872 2262 954 2305 Dei
989 2261 1142 2321 gloria,
1180 2269 1222 2304 et
1257 2260 1441 2320 proximi
1477 2275 1639 2312 amore,
1669 2260 1767 2304 binc
1794 2260 1898 2319 quin
1933 2261 2037 2304 Eam
2072 2276 2096 2304 a

566 2322 803 2366 solitudine
826 2323 1109 2374 abstraheret,
1147 2330 1191 2366 et
1223 2323 1278 2366 ab
1303 2322 1453 2366 intima
1474 2336 1571 2365 cum
1598 2323 1692 2366 Deo
1715 2321 1876 2365 unione
1899 2321 2090 2366 diverte-

565 2392 648 2436 ret,
687 2384 854 2428 arctiori
888 2385 1031 2444 potius
1066 2384 1236 2428 vinculo
1270 2384 1421 2428 Eidem
1460 2383 1706 2428 adstrinxit.
1750 2383 1900 2441 Neque
1942 2382 2089 2426 obstat

566 2452 683 2489 aetas
727 2446 886 2490 Servae
921 2446 1020 2496 Dei,
1041 2455 1086 2489 et
1104 2445 1207 2489 Eius
1235 2460 1377 2496 sexus,
1397 2445 1536 2504 primo
1560 2445 1663 2504 quia
1688 2443 1986 2502 occupationes
2009 2444 2095 2487 iam

567 2506 708 2550 dictae
732 2507 895 2551 nullum
922 2522 1000 2565 per
1022 2522 1065 2551 se
1089 2506 1334 2565 periculum
1359 2506 1627 2551 amittendae
1650 2505 1882 2549 honestatis
1910 2519 2014 2562 prae
2047 2520 2092 2548 se

573 2567 687 2611 ferre
720 2576 910 2627 possent,
939 2567 1063 2612 aliter
1086 2567 1300 2611 foeminae
1334 2583 1558 2627 nunquam
1594 2581 1747 2610 vacare
1780 2566 1865 2609 suis
1909 2565 2095 2623 negotiis

567 2638 758 2687 possent,
796 2630 914 2689 quod
940 2629 1172 2674 ridiculum
1208 2637 1319 2672 esset
1342 2628 1571 2678 affirmare,
1600 2643 1740 2687 neque
1777 2635 1947 2686 regerat
1980 2627 2098 2671 Cen-

568 2704 641 2733 sor
674 2692 872 2749 egregius
905 2691 1022 2750 quod
1059 2690 1172 2734 illius
1205 2690 1463 2734 conditionis
1498 2689 1711 2739 homines,
1745 2703 1905 2746 nempe
1936 2688 2097 2732 rheda·

567 2751 642 2794 riis
664 2758 706 2795 et
738 2752 952 2796 muliones
975 2751 1090 2796 baud
1125 2753 1239 2795 bene
1273 2751 1430 2795 morati
1469 2759 1514 2794 ut
1548 2750 1783 2809 plurimum
1810 2748 2093 2793 inveniuntur

570 2812 930 2872 quandoquidem
968 2815 999 2857 si
1018 2813 1097 2858 boc
1120 2812 1290 2863 accidit,
1328 2811 1448 2872 quod
1471 2812 1678 2856 honestati
1704 2810 1936 2854 mulierum
1961 2826 2098 2870 qnan-

567 2873 714 2933 doque
749 2875 1010 2920 insidientur
1032 2875 1111 2919 hoc
1143 2874 1191 2918 lit
1214 2888 1312 2918 cum
1348 2873 1435 2917 otio
1469 2879 1732 2932 torpescunt,
1770 2872 1873 2916 vino
1906 2886 2096 2931 namque
