2744 3584
0 359 76 394 iret

0 420 80 454 sset

15 487 79 515 re-

0 546 77 574 au-

17 607 83 634 re-

17 651 81 695 so-

0 726 82 755 ÷rva

9 787 84 830 po-

0 847 82 876 tnta

0 908 90 936 cre—

0 968 84 996 ius.

0 1028 90 1056 erva

16 1089 91 1116 suo

0 1194 94 1236 ione

0 1268 95 1297 cora

1 1330 92 1365 nza,

23 1434 98 1493 piu

0 1494 95 1553 egui

0 1555 99 1613 uagis

0 1638 1 1645 1
29 1615 100 1658 illo

0 1690 100 1719 >rem

0 1735 104 1780 iitur

5 1795 103 1840 anni

13 1872 102 1900 am-

14 1917 69 1960 do
89 1951 99 1968 ‚

20 2038 107 2081 aria

12 2115 59 2143 co
84 2114 109 2142 a

17 2174 107 2203 osse.

15 2221 116 2267 laico>

508 1255 608 1297 177.

508 2281 614 2326 478.

2044 276 2106 321 93

630 372 645 390 ι
672 365 827 395 unmna
864 350 888 393 il
923 350 1050 409 quale
1084 365 1135 393 ne
1170 349 1427 396 ‹lisccndcva
1458 352 1547 395 Ella
1567 349 1767 401 esclamae'),
1795 364 1817 392 e
1869 349 1933 394 col
1974 365 2106 393 cuore

630 432 646 449 ι
676 419 783 454 tutto
804 410 1121 454 infiammatodi
1141 426 1288 454 amore
1303 421 1334 455 s:
1376 427 1413 455 »e
1436 412 1473 456 le
1488 412 1653 457 braccia
1668 410 2107 462 ondeablu-accia1·lo;

631 492 646 509 ι
674 471 804 514 allora
826 470 940 529 itpiu
955 470 1072 514 bello
1093 470 1162 514 dei
1188 470 1273 528 ligli
1296 472 1406 531 degli
1434 472 1612 523 nomini,
1638 488 1761 516 come
1781 486 1869 515 essa
1894 470 2004 521 dice,
2027 487 2107 515 con

633 553 648 569 ι
677 530 918 574 sembiante
936 531 1064 588 pieno
1086 531 1127 574 ‹li
1147 530 1355 584 dolcezza,
1378 549 1401 576 e
1425 533 1468 576 ‹li
1490 532 1704 578 attrattive
1731 531 1938 576 indicibili
1964 530 2001 574 la
2034 532 2113 574 ab·

631 613 647 630 »
677 590 862 642 braccio,
901 606 924 634 e
958 590 1210 635 baciandola
1239 602 1581 637 annorosamrnte
1615 594 1652 637 le
1685 591 1971 637 dissr:-Vuoi
1997 607 2113 635 osser

633 673 647 689 -
679 652 791 695 mia?
806 675 835 683 -
858 653 953 694 Essa
979 652 1018 695 le
1041 650 1201 708 rispose
1217 652 1288 695 si-
1304 669 1327 696 c
1344 654 1493 712 quindi
1512 654 1552 697 lo
1572 653 1668 697 vide
1687 653 1850 696 risalire
1867 652 1904 696 al
1928 652 2052 694 ciclo.
2088 673 2103 690 n

626 712 711 768 Qui
747 727 871 755 amor
911 727 1012 769 erga
1050 712 1263 756 Dilectum
1295 715 1428 759 Suum
1484 714 1526 757 in
1577 713 1703 757 corde
1742 714 1900 756 Sorvae
1940 712 2015 755 Dei
2052 713 2106 755 ita

628 771 669 815 in
709 772 800 816 dies
842 772 1050 816 adauctus
1085 781 1143 815 est
1201 781 1241 816 ut
1276 790 1375 818 cum
1419 774 1471 817 ad
1520 774 1691 817 tertium
1725 773 1873 816 aetatis
1917 772 2100 815 lustrum

626 833 887 890 pervenisset
935 832 1198 877 desiderium
1247 850 1368 878 suum
1414 834 1608 893 genitrici
1649 833 1920 877 manifestum
1966 831 2108 875 fecerit

626 893 871 938 ‹lovovcndi
909 908 955 936 se
997 895 1089 936 Deo
1128 894 1169 936 in
1214 895 1356 953 aliquo
1397 896 1609 953 Religioso
1648 894 1874 943 lustinum,
1916 892 2034 952 quod
2075 893 2107 935 si

629 952 671 996 id
707 962 805 997 tunc
842 954 1046 1011 temporis
1080 969 1162 996 non
1198 956 1358 1007 evcnit,
1398 956 1457 999 uti
1490 956 1684 1013 superius
1715 963 1906 997 notatum
1943 961 2022 1003 est,
2047 961 2111 995 ta-

626 1028 724 1056 men
768 1014 960 1058 dubitari
1007 1029 1089 1058 non
1124 1024 1263 1072 potest-
1315 1015 1433 1075 quod
1475 1015 1578 1059 illud
1633 1014 1845 1060 indivulse
1894 1012 2112 1057 adheserit

623 1074 740 1117 cordi
784 1090 860 1117 suo
886 1107 896 1126 ,
937 1073 1289 1133 qnandoquidem
1327 1073 1367 1121 et
1407 1085 1507 1121 ante
1558 1076 1754 1136 nuptias,
1795 1082 1834 1118 et
1873 1081 1967 1133 post
2023 1073 2115 1116 illas

627 1134 765 1192 ipsum
798 1143 947 1193 aperte
983 1135 1286 1189 manifestavit,
1311 1138 1415 1197 quin
1435 1137 1565 1181 etiam
1595 1138 1634 1181 in
1660 1135 1841 1193 nuptiali
1863 1142 1974 1178 statu
2002 1132 2107 1176 illud

628 1210 711 1237 non
747 1195 992 1240 occultavit.

646 1255 794 1299 Primo
826 1255 1004 1316 quidem
1037 1263 1138 1301 ante
1174 1257 1362 1316 nuptias.
1403 1260 1453 1301 Et
1486 1273 1592 1302 sane
1633 1258 1734 1301 licet
1777 1257 1909 1300 Serva
1948 1254 2029 1297 Dei
2066 1263 2110 1297 ut.

624 1316 845 1373 genitricis
887 1332 991 1360 suae
1029 1317 1232 1361 voluntati
1277 1318 1625 1377 obtemperaret,
1658 1317 1826 1375 nuptias
1860 1314 2115 1359 contrahere

627 1391 711 1418 non
757 1377 1043 1427 recusaverit,
1089 1378 1178 1422 illas
1215 1378 1394 1436 quidem
1435 1395 1518 1423 non
1566 1394 1619 1423 ex
1656 1376 1929 1423 inclinatione
1972 1374 2104 1417 animi

625 1436 865 1494 quaesivit,
910 1437 987 1480 sed
1028 1437 1165 1494 potius
1215 1455 1269 1483 ex.
1302 1440 1552 1483 necessitate
1602 1448 1754 1498 putans
1800 1438 1913 1480 hona
1949 1435 2033 1478 lide
2066 1450 2112 1478 se

628 1497 763 1540 teneri
806 1497 848 1540 in
889 1497 968 1540 hoe
1005 1499 1258 1556 parentibus
1287 1499 1592 1557 obtemperare
1613 1532 1625 1551 ,
1659 1498 1776 1557 quod
1810 1498 1920 1542 adeo
1956 1511 2108 1538 vorum

626 1566 689 1600 est
729 1566 774 1601 ut
819 1565 1050 1615 antequam
1099 1559 1268 1617 nuptias
1314 1560 1582 1603 contraheret
1621 1560 1723 1603 llaec
1772 1572 1874 1601 suae
1914 1555 2113 1614 genitrici

626 1633 816 1662 asserere
839 1634 920 1661 non
947 1618 1218 1663 haesitaverit
1240 1621 1426 1666 'rt-sust.
1464 1621 1649 1680 (Summ.
1676 1634 1797 1662 nuni.
1819 1618 1888 1660 ΙΙΙ.
1912 1632 2011 1675 pag.
2037 1616 2107 1675 8.)

632 1699 647 1715 «ι
679 1680 723 1721 lo
757 1678 817 1723 mi
850 1679 980 1723 credo
1013 1688 1157 1723 tenuta
1198 1680 1254 1725 ad
1290 1680 1520 1733 obhedire,
1547 1696 1616 1725 ma
1653 1696 1698 1723 se
1724 1679 1842 1722 tddio
1864 1710 1877 1729 ,
1917 1676 1975 1719 mi
2008 1692 2112 1719 eon-

633 1759 649 1776 »
677 1738 782 1784 cede
821 1741 856 1784 la
896 1741 1037 1798 grazia
1069 1741 1111 1784 di
1150 1741 1290 1785 darmi
1328 1758 1383 1785 un
1419 1741 1551 1800 tigno,
1571 1741 1611 1785 io
1643 1748 1858 1799 prometto
1892 1735 2119 1781 dedic-arlo

632 1819 651 1837 ι
677 1800 715 1843 al
759 1817 835 1844 suo
888 1802 1107 1859 sei-vigio,
1146 1817 1173 1845 e
1207 1818 1254 1846 se
1291 1802 1333 1846 in
1365 1804 1533 1860 seguito
1577 1802 1635 1845 mi
1676 1800 1815 1845 rende
1851 1798 2020 1848 libera,
2055 1797 2113 1855 gli

633 1881 647 1897 ι·
677 1870 894 1919 prometto
928 1862 1164 1921 declicargli
1213 1879 1283 1908 me
1329 1871 1477 1906 stessa.
1503 1885 1518 1902 ι
1561 1863 1689 1906 Porro
1729 1862 1834 1905 hacc
1874 1856 2008 1902 verba
2042 1873 2117 1900 ne-

625 1919 731 1964 dum
765 1924 927 1968 nullam
967 1925 1021 1968 ad
1058 1924 1326 1982 coniugalem
1364 1932 1521 1968 statum
1561 1923 1895 1982 propensionem
1934 1918 2118 1962 domon-

625 1989 775 2037 strant,
816 1984 892 2028 sed
931 2000 959 2028 e
987 1992 1133 2030 contra
1175 1984 1503 2043 repugnantiam
1550 1999 1678 2042 quam
1712 1980 1989 2041 obedientiae
2030 1979 2116 2020 vir-

628 2049 696 2087 tus
729 2045 868 2103 potuit
917 2044 1135 2090 dumtaxat
1175 2061 1406 2103 superare,
1430 2046 1642 2102 Quaeque·
1676 2056 1868 2100 namque·
1899 2039 1982 2083 alia
2000 2038 2113 2107 illius

625 2111 758 2148 status
804 2107 1042 2164 percupida
1079 2106 1332 2149 contrariam
1374 2121 1544 2163 prorsus
1587 2105 1847 2148 locu-tionem
1891 2107 2116 2150 tenuisset,

626 2172 666 2205 et
693 2180 815 2222 spem
831 2167 1087 2212 ostendisset
1104 2181 1182 2223 per
1218 2167 1378 2210 multos
1405 2181 1542 2209 annos
1567 2164 1611 2208 in
1632 2164 1785 2209 eodem
1820 2168 1927 2205 statu
1959 2174 2005 2203 se
2024 2175 2118 2217 per-

628 2239 897 2272 mansuram.

648 2285 735 2329 Sed
767 2296 808 2331 et
844 2288 884 2330 in
924 2287 1018 2345 ipso⁴
1052 2286 1236 2346 coniugii
1272 2294 1381 2331 statu
1414 2286 1520 2345 quin
1551 2285 1647 2330 eius
1675 2282 1969 2342 voluptatibus
2003 2279 2116 2322 abri-

627 2354 807 2401 peretur
837 2348 903 2391 uti
933 2348 1182 2406 contingere
1215 2347 1363 2405 primis
1397 2345 1785 2406 nuptiarumannis
1801 2343 1906 2389 solet
1927 2355 2118 2409 commu-

626 2406 740 2450 nitor
773 2409 915 2467 nuptis
947 2408 1083 2453 Serva
1115 2409 1193 2452 Dei
1231 2424 1260 2452 e
1294 2418 1438 2451 eontra
1458 2442 1470 2459 ,
1509 2408 1587 2452 etsi
1634 2406 1825 2451 eiusdem
1862 2410 1976 2447 satus
2009 2401 2119 2443 obli-

626 2467 872 2523 gationilms
893 2469 1140 2513 satisfecerit.
1163 2478 1200 2512 et
1229 2469 1319 2512 viro
1343 2470 1611 2526 placei-enon
1633 2466 1836 2517 omiserit,
1859 2472 2049 2508 attamen
2068 2476 2115 2503 ac

626 2527 661 2569 si
681 2538 788 2573 esset
808 2530 927 2588 virgo
958 2530 1138 2588 innupta
1159 2529 1358 2586 cogitavit
1378 2546 1488 2588 quae
1514 2528 1685 2573 Domini
1704 2535 1799 2571 sunt
1826 2534 1871 2569 ut.
1895 2531 2000 2567 esset
2021 2536 2120 2564 san·

626 2595 696 2631 cta
715 2606 909 2649 corpore,
930 2599 969 2634 et
988 2592 1156 2650 spiri-tu.
1179 2590 1288 2633 ilinc
1303 2591 1494 2635 referunt
1514 2598 1639 2634 testes
1655 2587 1773 2648 quod
1799 2585 1962 2629 Eadem
1978 2583 2115 2627 Serva

628 2649 710 2692 Dei
743 2651 992 2695 Sacro-santo
1028 2652 1177 2696 Missae.
1207 2650 1420 2697 Sacrificio
1453 2651 1631 2710 singulis-
1649 2649 1805 2693 diet-»us
1829 2646 2047 2691 intererat,
2068 2650 2110 2685 ot

628 2709 685 2753 ad
729 2726 893 2755 sacram
937 2713 1131 2771 synaxim
1176 2713 1268 2756 fere
1305 2711 1496 2770 quotidie
1544 2711 1773 2755 accedebat
1827 2707 2017 2750 maxima
2048 2718 2116 2772 snt

630 2769 808 2829 spiritus
842 2773 1022 2826 utilitato
1056 2775 1242 2817 Domum
1278 2787 1379 2816 vero
1415 2772 1471 2815 ita
1507 2772 1759 2830 prudenter,
1794 2785 1842 2812 ac
1873 2774 2020 2811 sancte
2052 2764 2121 2808 dt-

629 2831 798 2890 rigebat
832 2842 878 2877 ut-
910 2835 1112 2878 continuo
1146 2833 1250 2878 inibi
1288 2833 1393 2877 ordo
1418 2841 1542 2885 essct,
1579 2840 1621 2875 ct
1655 2832 1783 2875 timor
1815 2827 1990 2873 Domini
2016 2839 2116 2883 pcr-

628 2901 803 2951 pctuam
838 2894 994 2943 faceret
1028 2894 1309 2939 mansion-cm.
1346 2894 1522 2938 luterim
1554 2892 1775 2937 residuum
1807 2907 1832 2935 a
1862 2889 1951 2934 suis
1995 2900 2123 2930 occu-
