2664 3584
863 304 1086 334 ErisTome
1118 303 1193 333 1³05
1187 302 1418 334 TULATom
1418 313 1474 332 r..
1766 307 1769 311 ·
1865 284 1915 327 44

525 376 820 436 Apostolic·1m
854 375 1231 427 Benedictionem‚
1268 389 1365 418 cum
1400 374 1536 432 gratia
1571 373 1665 423 ista,
1702 388 1727 415 o
1765 371 1924 416 Beatis-

402 439 510 483 sime
544 440 687 491 Pater,
726 436 976 496 suppliciter
1008 437 1211 496 implorat
1244 435 1487 481 Sanctitatis
1522 442 1708 479 vestrae.

1101 557 1380 601 numillimus
1414 565 1457 600 ct
1489 557 1658 601 Obmus
1693 555 1804 599 lilius

1043 620 1078 678 †
1144 617 1406 668 Ludovicus,
1444 619 1524 676 Ep.
1562 616 1865 662 Nemausensis

404 744 625 794 Nemansi,
662 743 733 788 die
766 751 921 802 quarta
955 741 1156 786 Octobris
1191 742 1326 785 4876.

760 1047 1046 1097 Beatissimo
1082 1049 1230 1096 Pater

1121 1166 1290 1225 Frejus,
1330 1166 1369 1209 le
1403 1167 1462 1209 30
1496 1166 1759 1224 Septembre
1794 1167 1927 1210 4876.

527 1288 726 1331 Pluribus
759 1287 918 1331 abhinc
951 1287 1070 1330 annis
1095 1288 1194 1331 ltffii
1220 1288 1445 1331 Antistites
1480 1286 1731 1331 Provinciae
1769 1287 1932 1331 Kebec-
2029 1286 2163 1330 Num.
2190 1286 2268 1330 29.

406 1349 559 1401 censis,
600 1349 642 1391 in
678 1348 877 1391 America
910 1349 1261 1407 septentrionali.
1303 1365 1385 1392 una
1410 1363 1507 1391 cum
1533 1348 1655 1391 lttffio
1679 1347 1936 1405 Areliiprae-
1997 1346 2196 1405 Epistola
2234 1346 2356 1391 Illm-t‘

401 1410 493 1453 sule
527 1425 622 1459 suo,
649 1426 672 1453 a
709 1410 983 1453 Beatitudine
1018 1411 1166 1454 Vestra
1202 1410 1457 1469 suppliciter
1495 1409 1822 1468 postulaverunt
1867 1410 1931 1453 in-
1965 1416 2002 1452 et
2029 1408 2127 1452 Rmi
2152 1408 2355 1466 Episcopi

402 1470 569 1514 troduei
605 1486 779 1514 causam
814 1471 1143 1515 beatificationis
1180 1480 1222 1515 et
1255 1470 1588 1515 canonizationis
1622 1473 1668 1516 S.
1691 1471 1748 1514 D.
1775 1471 1930 1515 Mariae
1964 1469 2270 1528 Foroiuliensis
2319 1477 2357 1514 et

401 1533 457 1576 ab
492 1532 789 1576 lncarnatione
824 1533 1018 1576 Moniatis
1041 1531 1220 1577 Ordinis
1244 1549 1267 1575 a
1290 1534 1334 1577 S.
1364 1533 1517 1575 Ursula
1543 1531 1794 1589 nuncupati,
1814 1532 1933 1590 apud
1971 1531 2226 1575 Tolonensis.

404 1593 653 1637 Kebeccum
685 1593 912 1637 defunctae
947 1609 1058 1637 anno
1092 1595 1230 1637 4672.

531 1655 650 1697 Hanc
685 1654 919 1697 foeminam
947 1670 1047 1698 vere
1069 1656 1226 1698 sortem
1250 1654 1437 1712 plurima
1463 1654 1587 1698 laude
1611 1654 1787 1712 dignam
1813 1670 1936 1711 prae-

401 1714 604 1759 stiterunt
638 1731 736 1758 cnm
773 1715 984 1759 virtutum
1020 1716 1216 1759 omnium
1249 1716 1580 1759 christianarum
1615 1714 1867 1758 exercitatio
1892 1715 1933 1758 in

400 1775 557 1834 triplici
593 1785 706 1820 statu
742 1776 941 1835 virginali
979 1777 1203 1827 videlicet,
1242 1776 1453 1835 coniugali
1501 1785 1540 1820 ct
1596 1776 1788 1827 viduali,
1843 1785 1933 1820 tum

400 1837 738 1881 eminentiorum
777 1853 879 1881 usus
914 1839 1124 1882 virtutum
1161 1853 1274 1896 qime
1297 1847 1457 1882 statum
1483 1838 1732 1896 religiosum
1758 1836 1928 1883 decer'.

402 1899 660 1957 praesertim
698 1898 817 1945 fidei,
855 1899 962 1958 spei,
1000 1899 1238 1944 charitatis.
1277 1899 1510 1943 altissimae
1537 1898 1930 1956 contemplationis,

402 1959 625 2017 religionis
661 1969 700 2002 et
735 1960 866 2009 zelus,
905 1960 1154 2004 defunctam
1192 1975 1295 2003 vero
1331 1968 1559 2018 prosecuta
1595 1968 1656 2003 est
1694 1959 1804 2002 fama
1838 1975 1934 2003 san-

401 2020 561 2064 ctitatis
597 2021 708 2063 vitae
743 2021 829 2064 iam
866 2038 887 2064 a
922 2022 1094 2066 duobus
1129 2022 1308 2064 saeculis
1341 2022 1434 2064 sine
1476 2020 1794 2064 intermissione
1839 2036 1935 2077 poi·-

400 2096 617 2134 sevcrans,
656 2091 696 2124 ct
732 2082 1040 2126 miraculorum
1074 2097 1186 2140 quae
1221 2082 1312 2125 eius
1344 2082 1664 2133 intercessione,
1694 2082 1935 2125 novissimis

400 2143 530 2186 etiam
567 2143 860 2200 temporibus,
898 2143 1270 2187 circumleruntur
1303 2143 1500 2187 obtenta.

523 2205 823 2262 Quapropter,
862 2203 1154 2262 infrascriptus
1191 2204 1423 2262 Episcopus
1457 2203 1766 2262 Forojulicnsis
1788 2220 1837 2247 ac
1851 2205 1935 2247 To-

399 2263 605 2317 lonensis,
647 2265 754 2308 votis
789 2264 984 2309 lidelium
1020 2266 1100 2308 sibi
1127 2265 1478 2335 commissorum,
1505 2266 1697 2309 maxime
1723 2280 1827 2308 vero
1848 2281 1939 2309 mo-

402 2324 584 2369 nialium
619 2327 964 2384 con⁰·regationis
998 2343 1021 2370 ·ι
1055 2329 1098 2372 S.
1137 2326 1289 2369 lrsula
1341 2326 1384 2369 in
1425 2328 1534 2370 urbe
1584 2327 1792 2370 Brinonia
1834 2342 1937 2372 suae

400 2386 606 2430 dioecesis
640 2387 921 2431 existentium
955 2388 1267 2433 satisfacturus.
1285 2388 1527 2457 supplicem
1562 2388 1672 2432 lianc
1704 2401 1825 2431 suam
1859 2403 1936 2446 po-

402 2447 682 2491 stulationem
718 2448 868 2492 libenti
905 2449 1051 2492 aiiimo
1085 2448 1283 2507 adiungit
1326 2449 1376 2492 iis
1413 2465 1528 2508 quae
1573 2449 1657 2493 itm
1709 2457 1834 2493 antea
1880 2450 1938 2494 ·ιά

404 2509 603 2554 Sanctam
640 2509 800 2553 Sedem
834 2510 988 2554 missae
1021 2520 1133 2561 sunt,
1176 2519 1219 2552 ut
1258 2509 1466 2568 dignetur
1499 2510 1733 2555 Beatitudo
1781 2512 1932 2554 Vestra

403 2585 574 2614 causam
612 2570 735 2621 lianc,
763 2587 864 2615 cum
898 2572 1081 2623 Galliae,
1111 2582 1201 2616 tum
1239 2572 1480 2622 Amen-icae,
1519 2579 1561 2616 ct
1584 2571 1840 2631 praesertim
1864 2587 1933 2615 or-

405 2631 496 2736 gini
531 2631 733 2691 religioso
768 2642 856 2676 tam
889 2633 1145 2691 optabilem,
1186 2632 1405 2677 introduci
1430 2641 1470 2677 et
1497 2633 1552 2678 ad
1576 2634 1742 2678 felicem
1766 2633 1930 2676 exitum

439 2693 505 2736 uci
540 2693 710 2736 iubere.

923 2818 959 2876 †
991 2817 1306 2868 Fen-dinamius,
1344 2819 1424 2876 Ep.
1462 2818 1653 2876 Forojul.
1692 2833 1740 2861 ae
1773 2817 1929 2861 Telon.

1663 2943 1692 2984 6
