2648 3568
281 575 414 619 Num.
440 577 516 620 36.

614 244 674 288 48
1094 262 1341 292 srnnmwn
1378 262 1649 292 Annt't'mNAbE

971 459 1259 510 {tentissime
1304 460 1466 519 Pater,

726 579 832 621 Cum
871 578 998 622 instet
1034 578 1229 637 pluribus
1259 579 1352 637 jain
1377 579 1535 624 abhinc
1558 578 1681 623 atinis
1716 579 1860 623 lllmns
1883 587 1925 623 et
1951 581 2138 624 Rcvffius

219 634 415 693 Epistola
455 635 574 681 Illnn'
605 638 964 698 Areliicpiseopus
988 640 1182 684 Civitatis
1201 656 1249 684 ac
1268 640 1481 684 Dioecesis
1498 640 1793 698 Quota—censis
1817 640 1856 684 in
1880 640 2137 685 (Ianadicnsi

187 702 229 739 et
250 695 348 740 Rmt'
375 696 579 757 Episcopi
612 699 808 758 regione,
851 716 933 744 una
966 715 1063 745 eum
1101 701 1173 759 pio
1208 701 1457 745 monialium
1491 704 1671 746 Sanctae
1706 701 1883 745 Ursulnc
1920 703 2131 755 instituto,

189 754 501 803 Petrocoricen.
542 768 579 803 et
614 769 657 805 ut
694 761 871 806 tandem
907 762 1203 806 introducatur
1250 778 1375 806 emisa
1428 761 1711 808 novere-uduo
1759 763 1925 807 Sororis
1976 764 2134 807 Mariae

189 816 398 863 sarlaten.

256 2467 389 2512 Num.
416 2469 493 2513 37.

205 2528 389 2573 Litterae
432 2529 549 2575 Iltmi

162 2597 200 2633 et
225 2591 324 2635 Rmi
348 2591 549 2651 Episcopi

161 2649 497 2698 Aurelianensis.

614 823 790 881 Guyard
823 823 880 866 ab
914 822 1214 867 lncarnatione
1258 832 1549 882 nuncupatae,
1581 838 1711 882 (fluam
1751 831 1794 866 ut
1827 823 2135 868 Fundutricem

610 886 677 928 sui
714 883 911 927 coenobii
945 883 986 926 in
1021 883 1135 927 dicta
1159 884 1332 928 civitate
1357 886 1547 940 agnoseit
1582 892 1621 927 ct
1657 883 1759 927 colit
1797 884 1995 943 religiosa
2029 886 2138 929 eins·

609 946 712 990 dem
736 944 899 988 ordinis
922 943 1100 995 familia,
1127 960 1258 1003 opere
1287 946 1472 1004 pretium
1509 946 1724 994 futurum,
1753 960 1801 989 ac
1833 945 1888 989 de
1925 945 2134 1004 religione

610 1006 725 1050 bene
758 1005 1014 1050 meriturum
1049 1014 1091 1049 et
1126 1005 1214 1065 ipse
1247 1006 1527 1059 crediderim,
1558 1008 1590 1049 si
1616 1006 1818 1049 camdem
1843 1006 2025 1065 gratiam
2063 1022 2135 1065 po-

607 1067 859 1111 stulaverim
893 1083 917 1110 a
951 1067 1099 1110 vesu-a
1132 1067 1383 1111 Sanctitate.

735 1128 832 1172 Mihi
868 1127 1030 1171 etenim
1065 1128 1262 1187 apprime
1297 1137 1445 1171 notam
1485 1138 1525 1172 nt
1565 1128 1828 1187 praedictam
1866 1127 1948 1171 Dei
1974 1128 2122 1173 Ancil-

605 1190 696 1234 lam
740 1189 780 1233 in
826 1204 982 1246 magna
1034 1189 1316 1248 unanimique
1358 1190 1638 1233 veneratione
1678 1188 1872 1233 habitum
1917 1188 2044 1232 fuisse
2087 1198 2129 1233 et

600 1250 841 1296 etiamnum
876 1250 1010 1294 habui
1047 1250 1166 1308 apud
1190 1265 1364 1294 omnem
1390 1266 1517 1295 sunm
1543 1250 1762 1301 ordinem,
1782 1258 1823 1291 et
1855 1249 2132 1308 singulariter

598 1311 718 1370 apud
745 1312 860 1369 piam
883 1326 994 1370 quae
1020 1310 1063 1353 in
1090 1326 1184 1354 mea
1207 1312 1379 1355 civitate
1408 1311 1743 1356 l'etrocoriccnsi
1768 1309 1885 1370 degit
1909 1327 1958 1355 ac
1981 1309 2124 1363 floret,

599 1372 895 1416 sodalitatem.
912 1372 1046 1417 Cuius
1070 1371 1248 1430 quidem
1270 1374 1561 1417 venerationis
1584 1381 1625 1417 et
1647 1371 1892 1416 devotionis
1917 1372 2026 1415 ratio
2052 1373 2133 1415 mi-

600 1448 697 1478 rum
716 1432 755 1476 in
777 1432 956 1477 modum
977 1433 1195 1483 clucescit,
1211 1434 1354 1477 statim
1373 1450 1422 1478 ae
1439 1434 1845 1493 pei-legunturquae
1863 1433 1919 1477 de
1936 1433 2129 1478 eiusdem

596 1496 759 1540 Servae
794 1496 874 1537 Dei
909 1494 1076 1539 eximiis
1111 1494 1346 1540 virtutibus
1370 1503 1498 1554 atque
1520 1495 1731 1554 operibus
1754 1494 1911 1552 scripta
1935 1493 2075 1538 fuere.

720 1556 996 1615 Quapropter
1030 1555 1135 1599 mihi
1170 1557 1308 1607 liceat,
1349 1557 1602 1601 Beatissimo
1635 1558 1777 1608 Pater,
1816 1562 1877 1599 tot
1910 1571 1959 1599 ac
1994 1556 2127 1599 tantis

595 1616 800 1675 precibus
834 1625 876 1660 et
910 1633 1027 1661 meas
1062 1618 1309 1662 consociare
1344 1634 1504 1676 preces,
1546 1627 1592 1662 ut
1625 1617 1833 1662 Sanctitas
1869 1619 2022 1661 Vestra
2058 1617 2127 1660 iu-

595 1677 703 1721 bere
737 1677 940 1736 dignetur
971 1680 1132 1723 Servae
1169 1679 1246 1723 Dei
1281 1694 1451 1723 eausam
1489 1679 1721 1723 introduci.

719 1739 787 1783 Ad
823 1740 1000 1783 Vestrae
1034 1755 1146 1783 nunc
1183 1740 1466 1784 Beatitndinis
1499 1740 1632 1799 pedes
1668 1739 1940 1798 provolutus,
1986 1738 2123 1796 ipsius

593 1814 798 1857 exsposeo
834 1817 911 1860 pro
945 1814 1015 1844 me
1049 1800 1295 1860 ovibusque
1319 1801 1421 1845 mihi
1443 1801 1681 1845 commissis
1706 1800 2001 1858 Apostolieam
2039 1802 2122 1843 130-

592 1860 903 1913 nedietionem,
930 1869 972 1905 ct
1007 1878 1076 1906 ine
1109 1862 1314 1921 proliteor
1347 1865 1547 1906 Vestrum
1593 1862 1883 1906 humillimum
1919 1868 1963 1905 et
1996 1862 2122 1905 addi-

591 1922 834 1967 ctissimum
871 1924 912 1966 in
947 1923 1115 1967 Christo
1148 1939 1342 1973 servum,

1130 2046 1164 2104 -ξ-
1228 2046 1281 2088 N.
1309 2045 1459 2102 loseph
1494 2045 1727 2103 Episcopus
1763 2043 2121 2087 l’ctrocoricensis

1459 2114 1498 2149 et
1535 2106 1807 2151 sarlatensis.

593 2166 853 2225 Perigtwnx,
883 2167 920 2209 le
954 2167 981 2208 43
1015 2167 1203 2212 Octobre
1240 2168 1375 2211 4876.

941 2352 1229 2402 Beatissime
1270 2352 1415 2402 Pater

706 2472 1111 2516 Reverendissimus
1155 2473 1197 2516 in
1242 2472 1412 2517 Christo
1462 2474 1613 2515 Frater
1662 2471 2024 2529 Arehicpiscopus
2057 2473 2119 2516 de

582 2533 761 2588 Quehee
794 2534 836 2577 in
870 2534 1085 2585 Amen-ica,
1114 2534 1169 2577 ad
1205 2534 1380 2578 laudem
1416 2541 1457 2577 et
1490 2534 1671 2593 gloriam
1708 2533 1789 2577 Dei
1825 2532 2116 2591 Omnipoten-

584 2595 649 2647 tis‚
676 2595 730 2638 ad
754 2596 1060 2639 exaltationem
1085 2597 1265 2641 Sanctae
1290 2595 1434 2638 Matris
1458 2595 1669 2639 Ecclesiae
1703 2594 1952 2639 Catholicae
1986 2602 2027 2638 et
2058 2594 2114 2638 ad

582 2657 853 2701 Christianae
886 2656 1112 2702 societatis
1144 2658 1310 2701 bonum
1347 2664 1479 2714 atque
1513 2656 1877 2705 aedificationem,
1905 2656 2117 2701 Sanctita-

586 2725 674 2761 tem
711 2720 908 2761 Vestram
946 2718 1157 2762 instanter
1198 2719 1313 2762 hisce
1360 2718 1632 2777 temporibus
1664 2718 1928 2776 deprecatur
1961 2725 2114 2776 quate-

583 2794 662 2823 nus
697 2781 831 2823 Causa
866 2779 1025 2824 Servae
1063 2780 1158 2830 Dei,
1188 2780 1346 2824 Mariae
1380 2779 1435 2822 ab
1471 2779 1787 2829 lnearnatione,
1815 2778 1991 2822 Ordinis
2026 2780 2114 2822 Mo-

581 2840 761 2884 nialium
810 2842 854 2886 S.
895 2841 1074 2885 Ursulae
1107 2859 1129 2884 a
1164 2842 1291 2886 Sacra
1340 2841 1519 2884 Rituum
1565 2840 1911 2899 Congregatione
1946 2840 2114 2883 exami-

581 2902 724 2946 nanda
755 2901 1115 2961 discutiendaque
1151 2902 1464 2953 introducatur,
1484 2918 1535 2945 eo
1559 2902 1718 2945 scilicet
1753 2900 1839 2944 line
1873 2910 1918 2945 ut
1953 2903 2104 2947 Sancta

2588 2315 2648 2358 lies

2590 2391 2648 2432 pr<

2583 2437 2644 2479 ria

2582 2495 2648 2539 oth

2580 2556 2647 2600 dis

2579 2678 2621 2720 in

2579 2739 2636 2781 tni

2578 2815 2648 2842 exa

2576 2860 2616 2902 in
