2640 3552
655 239 715 282 :30

657 319 720 354 est
754 317 797 353 et
822 310 964 368 lpsum
990 310 1150 351 Sorvae
1177 306 1253 349 Dei
1280 304 1612 356 moderatorem,
1638 322 1684 349 ae
1708 308 2023 358 confessarium
2049 314 2174 361 fuisso

655 371 981 419 hallucinatum,
1021 368 1106 411 imo
1142 366 1235 411 illos
1268 381 1418 410 omnes
1454 366 1637 423 insignes
1672 368 1846 425 pietate,
1874 369 2080 425 doctrina,
2106 376 2170 420 di-

655 432 868 475 scretione
902 428 1163 487 spirituum,
1202 436 1242 472 et
1280 427 1490 485 supientia
1543 426 1653 470 viros
1700 428 1777 487 qui
1820 444 1872 472 ex
1922 430 2172 494 biographia

655 495 815 535 Sei-vae
852 490 928 533 nei
964 489 1199 533 maximam
1234 487 1480 532 Sanctitatis
1529 496 1568 531 et
1618 488 1839 533 doetrinae
1885 491 1983 534 Eius
2034 494 2175 541 ideam

653 552 736 596 sibi
772 551 1070 600 efformarunt,
1111 549 1176 593 vel
1213 551 1356 608 lpsum
1382 550 1614 592 Censorem
1638 558 1833 594 nostrum
1860 566 1991 596 unum
2017 570 2069 598 ex
2095 557 2175 601 illis

654 628 744 657 esse
778 611 852 671 qui
888 611 970 655 illie
1007 611 1335 669 trepidaverunt
1371 609 1541 658 timore,
1582 610 1653 652 ubi
1692 626 1776 653 non
1811 620 1901 654 erat
1946 613 2089 658 timor.

779 673 853 716 42.
893 674 978 716 lloe
1015 672 1152 730 ipsunt
1190 680 1330 729 posset
1354 670 1600 714 continuari
1625 671 1879 715 auctoritato.
1904 673 2091 730 plurium
2125 685 2181 721 te-

654 734 784 778 stium
820 748 926 792 quos
961 741 1102 776 tamen
1147 732 1319 776 silentio
1354 740 1580 790 praetereo
1614 747 1665 775 ne
1699 732 1865 787 longior
1909 733 2020 786 sim,
2071 737 2176 782 illud

655 795 884 839 dumtaxat
919 793 1139 852 proferens
1173 792 1287 852 quod
1326 792 1450 836 rel'ert
1480 792 1596 834 testis
1619 793 1672 835 ΙΙΙ
1696 792 1910 836 disserens
1933 793 1987 837 de
2010 796 2177 842 heroica

655 858 817 901 Sei-vae
850 855 929 898 Dei
966 854 1214 904 Prudentia,
1253 854 1318 897 hic
1353 852 1481 912 igitur
1515 852 1618 896 haec
1650 853 1703 897 ad
1740 868 1830 897 rem
1876 853 2177 902 haben-Nona

661 937 677 956 ι
706 915 920 960 relazione
943 914 1167 957 dell'anno
1194 914 1308 958 inille
1347 913 1538 958 seieento
1562 921 1813 958 settantatre
1838 914 1862 957 il
1890 915 2028 959 Padi-e
2047 918 2172 962 Clau-

660 997 676 1017 ι
706 976 777 1021 dio
814 975 983 1018 Dableu
1022 976 1193 1019 ltettore
1228 975 1296 1018 del
1331 973 1522 1030 Collegio
1557 973 1599 1016 di
1633 975 1811 1031 Qnebee
1832 1009 1841 1026 ,
1888 991 1911 1018 e
1945 978 2177 1035 Superiora

660 1059 676 1077 ι
704 1036 821 1081 delle
858 1035 1042 1079 Mi'ssioni
1077 1036 1187 1080 della
1223 1051 1364 1079 nuova
1400 1033 1593 1084 Francia,
1634 1035 1843 1094 pai-lando
1879 1036 1992 1080 della
2035 1039 2178 1083 llladre.

660 1120 674 1138 ι
705 1097 805 1141 dell'
830 1096 1130 1140 incarnatione
1163 1096 1257 1140 dice
1291 1096 1369 1139 che
1405 1097 1501 1139 Essa
1536 1110 1606 1138 era
1635 1097 1846 1154 un’opera
1871 1095 1987 1140 dello
2018 1100 2178 1156 Spiritu

660 1181 675 1199 .
705 1161 836 1203 Santo
872 1157 896 1200 il
933 1158 1062 1217 quale
1096 1158 1127 1200 si
1164 1157 1442 1215 coinpiaeque
1476 1155 1521 1198 di
1557 1157 1691 1213 ‘ptest’
1714 1156 1876 1207 anima,
1915 1174 1937 1200 e
1971 1158 2003 1202 si
2037 1159 2177 1218 (legno

661 1242 677 1260 ι
706 1217 950 1262 arricchirla
984 1218 1053 1261 dei
1089 1218 1164 1276 piu
1199 1218 1364 1277 squisiti
1400 1216 1504 1261 doni
1541 1216 1652 1259 delle
1685 1233 1761 1261 sue
1784 1216 1939 1273 gratie.
1962 1219 2048 1263 Che
2078 1222 2174 1266 Essa

661 1302 677 1320 ι
708 1278 945 1339 possedeva
981 1294 1063 1322 uini
1097 1278 1310 1336 sapienza,
1350 1278 1404 1321 ed
1440 1293 1524 1321 una
1561 1277 1775 1334 prudenza
1810 1278 1888 1321 che
1930 1281 2045 1324 nulla
2080 1297 2178 1325 uve-

660 1362 675 1380 »
706 1356 815 1383 vano
850 1339 950 1383 dell’
972 1354 1129 1383 umano
1161 1339 1243 1398 (l).
1279 1360 1293 1377 ι
1333 1337 1554 1397 Numquid
1588 1346 1629 1380 et
1663 1339 1732 1383 hie
1771 1339 2053 1384 hallucinatus
2091 1341 2173 1386 diei

652 1409 793 1460 potest
827 1398 902 1458 qui
938 1415 1050 1442 anno
1087 1416 1184 1443 inox
1220 1416 1242 1444 a
1276 1399 1467 1458 pretioso
1501 1401 1661 1443 Sorvae
1696 1399 1777 1443 Dei
1819 1399 1940 1443 obitu
1973 1411 2180 1460 sequente

655 1462 754 1506 talia
800 1461 854 1504 de
904 1459 1066 1504 Eadem
1112 1461 1296 1504 retulit?
1341 1460 1508 1505 ludicet
1555 1460 1595 1503 in
1642 1476 1717 1504 sua
1762 1461 1975 1519 sapientia
2022 1464 2181 1506 Censor

655 1522 872 1581 egregius.
927 1519 931 1522 ’

777 1584 851 1626 43.
891 1584 977 1627 Sed
1015 1598 1154 1642 neque
1188 1583 1332 1626 obstat
1367 1582 1481 1641 quod
1518 1582 1610 1639 lpsa
1646 1582 1726 1625 Dei
1769 1583 1951 1626 Famula
2002 1584 2175 1628 anxiam

653 1659 697 1687 se
730 1644 939 1702 praebeat
971 1644 1027 1687 de
1060 1643 1184 1687 dictis
1222 1643 1476 1692 visionibus,
1516 1642 1879 1700 apparitionibus,
1919 1652 1961 1686 et
1995 1645 2183 1702 mysticis

655 1704 943 1748 locutionibus
984 1704 1142 1762 quibus
1175 1704 1352 1747 abunde
1387 1704 1520 1747 ditata
1555 1719 1577 1746 a
1612 1705 1705 1746 Deo
1742 1702 1899 1747 suerat.
1939 1705 2024 1748 lloe
2062 1721 2179 1749 nam-

652 1781 737 1824 que
773 1765 832 1808 nil
867 1764 981 1808 aliud
1016 1765 1282 1808 demonstrat
1308 1765 1388 1808 nisi
1413 1763 1673 1822 profundam
1698 1773 1741 1808 et
1770 1764 2029 1822 singularem
2063 1766 2181 1810 {llius

652 1825 943 1869 humilitatem
978 1833 1020 1868 et
1052 1825 1369 1884 simplieitatem
1394 1859 1403 1876 ,
1452 1832 1491 1867 et
1538 1839 1616 1881 per
1647 1840 1916 1883 consequens
1950 1825 2179 1870 contii-mat

652 1886 924 1930 existentiam
943 1886 1158 1929 dictorum
1182 1885 1580 1944 supermittit-alium
1604 1886 1910 1929 charismatum
1929 1901 2040 1944 quam
2057 1889 2181 1931 Deus

652 1947 924 2006 potissimum
960 1947 1153 1991 conferre
1188 1947 1294 1990 solet
1330 1946 1572 1990 humilibus
1605 1946 1735 1990 corde
1768 1947 1930 2005 quibus
1964 1947 2034 1991 dat
2072 1964 2180 2006 gra-

654 2008 777 2058 tiam,
817 2016 859 2050 et
893 2008 1052 2067 quibus
1086 2008 1248 2052 revelat
1280 2008 1470 2066 seipsum
1495 2014 1537 2050 et
1562 2006 1747 2051 infinitas
1772 2007 2057 2065 perfectiones
2081 2024 2178 2052 suas

653 2069 772 2112 iuxta
809 2068 914 2112 illud
947 2068 1148 2113 Clu-istit«
1179 2068 1398 2113 Confiteor
1434 2068 1511 2111 tibi
1556 2069 1680 2111 Pater
1722 2069 1910 2113 Domine
1958 2069 2095 2121 coeli,
2142 2077 2183 2113 et

655 2137 812 2181 terrae,
852 2129 954 2187 quia
989 2129 1252 2173 abscondisti
1285 2130 1392 2174 haec
1426 2145 1448 2173 a
1481 2128 1771 2186 sapientibus,
1811 2138 1852 2172 et
1886 2129 2178 2186 prudentibus

652 2199 695 2233 et
728 2190 927 2234 revelasti
962 2206 1012 2233 ea
1048 2190 1239 2248 parvulis
1270 2211 1286 2229 ι
1315 2199 1357 2234 et
1390 2191 1629 2234 secundum
1667 2189 1774 2234 illud
1804 2211 1819 2229 α
1848 2205 1946 2233 cum
1971 2190 2180 2248 simplici-

652 2252 740 2295 bus
773 2251 1075 2295 sermocinatio
1110 2252 1254 2295 Eius.»

777 2313 852 2356 44.
892 2312 1041 2356 Relate
1063 2326 1166 2355 vero
1198 2312 1251 2355 ad
1277 2311 1384 2356 illud
1409 2310 1526 2370 quod
1550 2311 1710 2355 Eadem
1736 2312 1815 2354 Dei
1840 2311 2017 2355 Famula
2052 2327 2177 2370 exag-

652 2372 885 2431 gerationis
918 2372 1046 2416 fuerit
1081 2372 1343 2424 insimulata,
1384 2372 1621 2416 videndum
1657 2387 1762 2416 num
1797 2371 1876 2415 hoe
1900 2372 2007 2424 iure,
2036 2388 2088 2415 an
2116 2372 2178 2415 in-

653 2433 762 2477 iuria
797 2434 954 2477 sactum
990 2433 1058 2476 sit.
1098 2435 1157 2477 Ex
1180 2433 1303 2477 dietis
1329 2448 1431 2476 vero
1457 2432 1611 2476 iniuria
1637 2433 1679 2477 id
1703 2432 1833 2476 fuisse
1857 2440 2065 2476 assertum
2094 2448 2181 2477 ma·

652 2494 808 2538 nil'este
842 2502 977 2552 patet.
1016 2495 1154 2538 Nemo
1188 2494 1404 2553 siquidem
1440 2509 1491 2536 ex
1526 2493 1590 2537 his
1623 2494 1696 2554 qui
1732 2508 1828 2537 eum
1853 2494 1986 2537 Serva
2005 2493 2087 2538 Dei
2113 2494 2179 2538 vel

652 2554 893 2599 conversati
911 2555 981 2598 vel
996 2554 1093 2597 Eius
1111 2555 1310 2614 spiritum
1347 2554 1557 2599 moderati
1591 2563 1703 2606 sunt,
1733 2569 1971 2612 numquam
2016 2555 2072 2598 de
2105 2555 2182 2599 bac

652 2632 698 2659 re
731 2615 955 2675 conquesti
989 2624 1104 2666 sunt,
1142 2616 1217 2660 sed
1251 2632 1274 2660 e
1296 2624 1461 2666 eontra,
1488 2616 1825 2673 simplicitatem,
1852 2614 2106 2667 candorem,
2135 2624 2176 2660 et

652 2677 922 2721 eminentem
957 2676 1237 2734 prudentiam
1273 2678 1317 2720 in
1352 2675 1557 2720 Eiusdem
1592 2677 1735 2720 verbis
1757 2710 1766 2727 ‚
1804 2685 1846 2720 et
1880 2676 2000 2720 factis
2032 2676 2181 2720 admi-

650 2746 794 2782 rantes
828 2737 1204 2782 concelebrarunt.
1242 2738 1351 2782 Hine
1385 2737 1574 2781 maxima
1599 2737 1639 2781 in
1662 2738 1868 2797 genitrice
1889 2737 2004 2782 testis
2028 2737 2179 2796 displi-

779 2857 845 2918 (l)
879 2859 1033 2903 Sttmm.
1067 2874 1172 2917 paq.
1210 2859 1300 2901 ’100
1333 2857 1361 2918 S
1399 2858 1453 2901 ’13
1489 2859 1562 2901 14.
