2640 3584
646 247 675 289 6

646 319 805 363 etitatis
838 334 922 378 qua
957 317 1070 361 dicta
1107 316 1185 359 Dei
1218 317 1396 361 Famula
1435 317 1563 374 vulgo
1595 316 1847 376 potiebatur
1880 318 1950 362 vix
1985 337 2032 365 ac
2066 339 2177 370 mop-

646 380 718 423 tali
754 380 838 424 vita
874 379 1017 422 functa
1052 385 1131 421 est.
1176 398 1191 416 ι
1231 378 1352 421 Nella
1388 378 1472 421 vita
1505 377 1575 420 del
1611 378 1869 421 Venerabile
1903 381 2043 426 Padi-e
2076 386 2174 430 Ber.

650 462 666 479 »
697 440 832 483 nardo
870 439 1104 484 Sacerdote
1138 438 1249 482 della
1286 439 1452 482 Diocesi
1487 437 1530 480 di
1565 438 1707 494 Parigi
1742 439 1885 482 scritta
1928 440 1998 485 dal
2033 446 2170 492 Padre

650 522 664 539 ι
696 502 964 558 Lampereur
995 500 1110 543 della
1143 500 1410 558 Compagnia
1444 500 1489 542 di
1524 499 1652 542 Gesu.
1680 499 1825 557 Pan-igi
1852 500 1971 544 1708
1992 523 2006 540 ι
2049 504 2173 563 (pau-

645 561 704 605 cis
738 561 940 604 videlicet
984 561 1040 603 ab
1063 560 1183 604 obitu
1217 561 1376 605 Son-vae
1416 560 1490 604 Dei
1518 560 1657 620 annis)
1690 581 1705 597 α
1731 560 1887 618 leggcsi
1917 578 1938 605 a
1966 578 2064 621 pag.
2093 566 2166 612 14.

650 642 666 660 n
695 623 755 665 La
770 620 1031 665 Venerabile
1055 621 1202 665 Madre
1220 622 1351 664 Maria
1375 621 1782 665 ‹lell'lncarnazione
1805 622 2036 679 Superiora
2060 626 2170 672 delle

651 702 667 720 n
696 682 898 726 Orsoline
940 682 1006 725 nel
1052 682 1249 732 Canada,
1293 690 1444 740 questa
1477 682 1620 726 donna
1670 681 1713 724 di
1749 697 1831 725 una
1877 684 2031 728 santita
2081 690 2164 732 cosi

653 763 669 781 »
698 743 832 786 ferina
871 758 894 786 e
934 743 1121 786 sublime
1145 742 1227 803 (1).
1273 764 1288 780 »
1331 744 1498 798 Quibus
1543 742 1645 786 llaec
1685 742 1837 786 addit:
1881 764 1895 781 «
1935 745 2054 789 Nella
2096 764 2168 793 sua

652 804 783 847 »vita
828 804 1074 861 pubblicata
1119 804 1350 847 nell’anno
1397 804 2048 862 milla-,setteeentoventiquattro
2090 809 2160 853 dal

651 884 667 903 »
695 863 834 907 Padre
866 864 921 908 de
954 864 1205 908 Cliarlevoix
1240 864 1274 906 si
1308 864 1402 907 dice
1429 865 1498 907 nel
1521 872 1740 907 momento
1764 865 1803 906 in
1828 866 1897 908 cui
1928 866 2013 909 Ella
2047 871 2161 913 cesso

652 945 667 962 υ
698 925 744 968 di
786 924 931 968 vivere
978 924 1015 967 la
1056 939 1160 967 voce
1207 924 1413 982 pubblica
1448 926 1487 968 la
1522 924 1740 981 proclamo
1783 927 1912 970 Santa
1948 927 1989 968 in
2026 930 2119 971 tutti
2156 931 2166 973 i

653 1005 668 1022 n
695 984 812 1043 luogi
857 985 970 1027 dove
1012 1001 1085 1028 era
1134 985 1395 1028 conosciuta.
1441 1007 1456 1024 n
1510 985 1569 1028 Ed
1609 986 1809 1043 apagina
1859 987 2023 1030 XXVH
2072 989 2166 1033 dice

648 1044 773 1103 (item
808 1047 856 1088 P.
895 1046 950 1089 de
984 1046 1261 1104 Cliarlevoix)
1303 1066 1318 1084 «
1349 1046 1401 1088 Ai
1425 1045 1558 1089 nostri
1577 1047 1720 1104 giorni
1755 1046 1840 1089 due
1875 1047 1983 1090 dotti
2021 1050 2171 1105 prelati

651 1125 666 1143 n
691 1106 770 1149 che
804 1121 889 1148 non
922 1122 1050 1149 erano
1079 1121 1248 1164 sempre
1286 1107 1353 1149 nel
1390 1107 1628 1151 inedesimo
1673 1107 1833 1158 avviso‚
1876 1108 1907 1149 si
1945 1116 2169 1153 trovarono

651 1185 667 1205 υ
698 1166 880 1209 tuttavia
914 1166 1152 1210 d’aceordo
1186 1167 1255 1210 nel
1296 1167 1544 1224 rigum-dare
1582 1167 1618 1210 la
1659 1167 1805 1210 Madre
1851 1168 1949 1211 dell'
1973 1170 2167 1214 lucarna-

652 1248 667 1264 »
698 1227 876 1270 nazione
920 1243 1042 1270 come
1083 1243 1168 1270 uno
1200 1227 1267 1271 dei
1311 1228 1382 1285 piu
1428 1228 1511 1271 vivi
1549 1227 1750 1270 luminari
1784 1228 1854 1271 (lel
1894 1245 1971 1271 suo
2008 1232 2162 1274 secolo.

654 1307 668 1326 ι
700 1287 846 1343 Questi
881 1287 967 1330 duo
1006 1288 1156 1345 prelati
1192 1304 1296 1331 sono
1336 1304 1413 1331 con
1453 1289 1585 1331 molta
1619 1288 1881 1346 probabilita
1908 1322 1918 1339 ,
1959 1291 2163 1343 Fenelon‚

652 1368 668 1387 ι
697 1364 721 1390 6
759 1350 954 1391 Bossuet.
999 1370 1014 1387 »
1067 1348 1151 1403 Qui
1201 1364 1330 1407 porro
1380 1349 1484 1393 hacc
1538 1355 1688 1407 aperte
1738 1349 1791 1392 de
1836 1349 1987 1393 cadem
2037 1352 2168 1395 Serva

647 1408 728 1452 Dei
785 1409 935 1452 scribit
982 1409 1024 1452 in
1066 1424 1144 1452 suo
1195 1425 1328 1467 opere
1372 1410 1552 1454 ascetieo
1594 1411 1720 1452 Tom.
1757 1411 1829 1452 lV.
1878 1430 1891 1447 α
1930 1412 1988 1453 La
2023 1412 2167 1455 Madre

652 1490 669 1509 n
697 1470 827 1512 Maria
861 1469 1270 1513 dell’lncarnazione
1304 1469 1399 1513 vien
1434 1471 1646 1514 cliiamata
1675 1470 1713 1513 la
1736 1472 1894 1513 Teresa
1930 1470 1999 1514 dei
2034 1474 2164 1516 nostri

651 1549 669 1570 ι
698 1530 854 1588 giomi,
895 1545 919 1574 e
950 1530 1020 1573 del
1061 1546 1202 1574 nuovo
1240 1531 1422 1575 mondo.
1457 1533 1517 1574 Lo
1561 1540 1692 1574 stesso
1728 1533 1918 1582 ssossuet,
1940 1531 2079 1576 subdit
2110 1534 2176 1576 cl-

655 1611 671 1630 »
700 1598 806 1634 tatus
844 1591 971 1634 Testis
1006 1591 1088 1642 ΙΙΙ,
1113 1592 1224 1635 nelle
1242 1607 1318 1635 sue
1336 1592 1496 1636 letture
1515 1591 1742 1649 spirituali,
1764 1591 1958 1635 edizione
1985 1592 2030 1634 di
2049 1594 2173 1638 Cau-10

655 1672 671 1690 »
701 1652 905 1703 Douniol,
948 1652 1091 1709 Parigi
1131 1653 1248 1696 1355
1281 1653 1402 1696 dice:
1435 1655 1499 1696 llo
1539 1653 1642 1695 letto
1682 1651 1720 1695 la
1753 1652 1839 1695 vita
1877 1652 1992 1696 della
2025 1654 2171 1698 Madre

655 1733 671 1750 ο
700 1711 801 1755 (1611’
836 1713 1141 1756 lncarnazione
1179 1729 1254 1756 con
1311 1714 1350 1756 le
1388 1713 1603 1757 addizioni
1640 1713 1784 1756 scritte
1818 1713 1890 1756 dal
1925 1728 2001 1756 suo
2036 1713 2167 1772 figlio,

655 1792 671 1811 »
702 1780 814 1816 tutto
849 1773 891 1816 in
925 1788 1017 1816 essa
1062 1774 1086 1816 6
1121 1774 1393 1817 ammirabile
1417 1773 1502 1833 (2).
1537 1794 1552 1812 »

772 1835 816 1876 9.
838 1834 924 1878 Sed
948 1834 1052 1892 quid
1078 1834 1234 1878 mirum
1258 1834 1375 1892 quod
1401 1835 1501 1877 talia
1523 1834 1579 1877 de
1603 1841 1745 1877 nostra
1768 1836 1900 1879 Serva
1922 1834 2004 1876 Dei
2029 1834 2172 1879 huius-

648 1894 770 1938 modi
804 1902 997 1938 auctores
1043 1894 1130 1937 scre
1171 1895 1315 1938 eidem
1360 1896 1507 1939 coaevi
1556 1895 1831 1952 scripserint,
1868 1909 1966 1937 cum
2011 1895 2174 1940 maiora

650 1956 783 1999 etiam
817 1955 898 2006 his,
937 1964 979 1999 et
1012 1956 1210 2014 graviora
1242 1956 1492 2013 scripserint
1526 1955 1599 2013 qui
1633 1970 1731 1997 cum
1766 1956 1824 1997 Ea
1858 1954 2092 2006 vixerunt,
2131 1966 2173 2000 et

651 2024 779 2060 tentes
813 2017 868 2060 de
903 2016 995 2059 visu
1027 2017 1262 2060 extiterunt
1296 2016 1579 2060 admirandae
1623 2016 1734 2058 vitae
1789 2014 1925 2073 Ipsius
1952 2049 1961 2066 ‚
2000 2025 2042 2059 et
2077 2016 2175 2059 illu-

651 2077 803 2120 strium
837 2077 1092 2135 gestorum?
1126 2077 1383 2135 Speciminis
1415 2077 1552 2136 gratia
1587 2092 1721 2119 unum
1756 2077 1824 2119 vel
1847 2075 2031 2119 alterum
2059 2077 2173 2120 testi-

651 2137 850 2180 monium
887 2138 929 2180 in
962 2138 1156 2181 medium
1192 2138 1428 2195 producam
1465 2138 1622 2194 illaque
1657 2138 1797 2180 relatu
1823 2136 1930 2180 dicti
1957 2137 2096 2180 Testis
2120 2139 2174 2182 lll

652 2198 727 2257 qui
762 2207 909 2241 narrat
942 2199 1058 2256 quod
1098 2220 1113 2236 «
1144 2199 1261 2242 Nella
1293 2198 1502 2242 relazione
1536 2198 1755 2241 dell’anno
1778 2197 2171 2241 milleseicentoset-

659 2279 674 2297 »
706 2267 890 2302 tantatre
926 2258 1019 2317 (illo
1055 2259 1254 2303 videlicet
1287 2275 1400 2303 anno
1436 2258 1631 2318 proxime.
1673 2257 1841 2301 felicem
1884 2259 2044 2302 Sei-vae
2090 2259 2170 2302 Dei

659 2340 674 2358 ι)
706 2320 938 2363 transitum
978 2321 1202 2380 sequente)
1240 2320 1265 2363 il
1300 2320 1440 2363 Padre
1472 2319 1654 2363 Claudio
1689 2318 1860 2361 Dablou
1895 2320 2073 2362 Rettore
2105 2318 2174 2363 del

660 2401 675 2417 »
705 2380 896 2438 Collegio
931 2380 975 2424 di
1010 2381 1202 2436 Quebec,
1226 2397 1249 2423 6
1283 2381 1514 2438 Superiore
1549 2380 1663 2423 delle
1687 2379 1873 2421 Missioni
1897 2378 2010 2422 della
2036 2395 2175 2423 nuova

662 2461 678 2478 n
709 2441 903 2494 Francia,
940 2441 1151 2500 parlando
1186 2441 1299 2485 della
1334 2441 1480 2485 Madre
1512 2439 1930 2483 dell'lncarnazione
1963 2438 2074 2492 dice;
2101 2441 2175 2484 che

663 2521 679 2539 ι
710 2502 810 2544 Essa
844 2518 915 2546 era
952 2518 1007 2545 un
1049 2518 1181 2560 opera
1217 2503 1333 2546 dello
1371 2502 1534 2560 Spirito
1581 2502 1713 2546 Samo
1748 2500 1775 2543 il
1822 2499 1948 2559 quale
1992 2501 2025 2544 si
2059 2517 2172 2544 com-

663 2582 679 2600 »
706 2561 890 2621 piaeque
924 2562 968 2606 di
1001 2563 1307 2621 quest'anima,
1335 2579 1358 2606 e
1382 2564 1415 2605 si
1434 2561 1576 2620 degni)
1598 2561 1843 2605 ari-iceliirla
1865 2560 1936 2603 dei
1961 2561 2035 2618 piu
2058 2561 2176 2620 squi-

662 2642 678 2660 »
707 2623 776 2666 siti
809 2624 912 2668 doni
948 2623 1062 2667 della
1084 2639 1161 2667 sua
1183 2625 1340 2683 grazia.
1367 2624 1454 2668 Che
1477 2638 1566 2667 essa
1589 2622 1823 2680 posscdeva
1850 2636 1933 2665 una
1956 2623 2171 2680 sapienza,

661 2703 678 2721 ι
708 2683 763 2727 ed
797 2700 883 2728 una
918 2685 1138 2743 prudenza
1172 2686 1247 2729 che
1283 2686 1399 2729 nulla
1436 2699 1629 2729 avevano
1662 2683 1709 2727 di
1744 2698 1900 2726 umano
1926 2681 2009 2741 (3).
2043 2704 2059 2722 »
2093 2684 2176 2727 Nec

779 2806 846 2865 (1)
880 2807 1033 2850 Summ.
1069 2823 1172 2864 paq.
1209 2808 1314 2851 158.
1353 2807 1379 2867 S
1414 2808 1488 2850 46.

780 2867 844 2926 (2)
879 2868 1031 2911 Summ.
1070 2867 1177 2911 ibid.
1216 2867 1274 2927 §S
1308 2870 1368 2911 38
1400 2869 1475 2911 39.

788 2927 853 2988 (3)
886 2929 1039 2972 Summ.
1069 2943 1174 2987 paq.
1213 2930 1301 2971 157
1335 2928 1363 2988 S
1396 2929 1470 2972 32.
