2696 3584
822 245 881 287 (ἰο

788 319 895 362 sima
932 319 1034 362 lmee
1068 326 1145 367 est,
1184 317 1300 375 quod
1339 315 1452 359 idem
1479 317 1649 360 habitus
1674 319 2012 375 supernaturalis
2039 319 2208 362 inclinat
2235 319 2289 363 ad

789 380 1023 423 amandum
1060 378 1215 425 Deum,
1253 386 1292 420 et
1330 377 1381 421 aul
1417 377 1665 422 Proximum
1702 377 1988 436 diligendum,
2030 381 2169 422 Deum
2206 380 2286 423 uti-

787 456 872 499 que
910 447 1088 498 propter
1111 453 1171 487 se,
1200 438 1446 481 Proximum
1476 453 1576 481 vero
1602 446 1778 497 propter
1803 441 1959 482 Deum.
1988 441 2045 482 tix
2071 440 2147 483 lioe
2171 440 2287 483 enim

788 500 904 559 quod
940 507 1106 543 amnun-
1142 499 1256 541 neus
1291 499 1331 542 in
1368 515 1411 541 se
1447 508 1622 557 propter
1656 515 1751 542 suas
1776 499 2077 550 Pon-sectiones,
2108 500 2286 544 inclina-

787 571 855 605 tur
887 560 1081 603 voluntas
1099 558 1151 602 aul
1179 560 1413 603 ammnlnin
1439 560 1688 603 Proximum
1724 575 1821 603 euin
1855 560 2068 617 cognoscit
2092 560 2170 603 hoe
2196 561 2287 603 Deo

787 622 971 679 placere.
1010 619 1110 663 ldeo
1146 620 1251 663 ratio
1286 620 1499 664 obierum
1538 635 1715 663 moxens
1749 621 1800 663 ιιιΙ
1851 620 2085 664 mitandum
2127 621 2280 664 Proxi-

787 697 906 725 mum
942 696 1088 724 anun-e
1122 680 1454 739 supernaturali,
1493 689 1552 723 cst
1589 680 1706 739 quia,
1746 681 1918 739 praevio
1953 680 2116 723 lumine
2146 680 2283 731 Fidei,

786 749 946 786 constat
982 741 1097 799 quod
1146 744 1261 784 Deus
1306 741 1349 785 id
1397 741 1517 791 vult,
1558 741 1742 800 Eiusque.
1777 741 1956 785 bonitati
1993 742 2163 799 placet,
2204 756 2288 784 uno

789 804 924 847 verbo
943 803 1044 860 qnia
1066 811 1106 844 ut
1127 801 1278 845 (locent
1307 801 1551 845 comuniter
1568 802 1773 859 Tlieologi
1796 802 1904 845 (luce
1927 805 1977 845 l).
1996 802 2161 846 Thomu
2180 802 2283 845 22.

786 873 951 923 (putest.
989 864 1062 906 25.
1101 871 1180 905 nrt.
1221 863 1260 906 1.
1301 863 1527 921 utriusque
1561 862 1775 906 charitatis
1810 863 1871 919 (in
1912 864 2067 914 Deum,
2096 872 2138 904 et
2177 864 2289 906 Pro-

787 925 973 980 ximum)
1010 931 1125 966 actus
1160 932 1257 966 sunt
1291 923 1348 967 ab
1380 923 1533 966 eodem
1560 924 1708 967 habitu
1733 922 1813 966 sul)
1836 922 1989 966 eadem
2015 923 2178 966 ratione
2210 922 2291 965 l'or-

791 985 906 1036 mali,
945 984 1037 1027 licet
1076 983 1301 1027 Proximus
1338 1000 1420 1026 non
1445 984 1567 1027 sicuti
1595 986 1708 1027 Deus
1733 992 1908 1043 propter
1930 999 1988 1034 sc,
2016 983 2091 1027 scd
2119 991 2287 1026 tantum

788 1054 963 1104 propter
999 1046 1139 1087 Deum
1175 1045 1229 1088 ad
1263 1044 1393 1087 Cuius
1432 1045 1667 1102 imaginem
1691 1053 1733 1089 et
1761 1044 2089 1088 similitudinem
2123 1051 2292 1087 cremus

788 1115 845 1148 est
882 1106 929 1148 sit
971 1104 1127 1148 Divino
1165 1115 1394 1164 praecepto
1428 1104 1694 1164 diligendus.
1735 1106 1839 1148 llinc
1884 1114 2065 1163 utraque
2110 1104 2283 1148 dileetio

787 1167 840 1210 ad
878 1181 1008 1210 unuin
1042 1166 1293 1209 etun-itatem
1330 1167 1517 1209 refertur
1550 1174 1588 1208 et
1626 1180 1760 1209 unum
1794 1165 2121 1224 quodammodo
2161 1180 2292 1222 prue-

787 1235 959 1285 eeptnm
994 1227 1271 1277 constituunt,
1312 1227 1355 1269 id
1389 1227 1509 1285 quod
1545 1225 1752 1285 supponit
1788 1226 2016 1284 aliqualem
2043 1224 2289 1268 similitudi-

790 1304 888 1332 nem
912 1302 1042 1345 quam
1068 1287 1133 1329 vel
1160 1288 1253 1344 lpse
1276 1287 1467 1330 Christus
1504 1287 1545 1329 in
1582 1287 1813 1345 Evangelio
1848 1287 2028 1330 asseruit
2052 1302 2148 1329 cuin
2174 1285 2291 1344 apud

786 1348 1048 1391 Mattliaeum
1081 1347 1261 1406 loquens
1293 1347 1350 1390 de
1382 1347 1615 1391 dilectione
1651 1348 1732 1391 Dei
1767 1348 1870 1391 haee
1904 1347 2030 1392 dixit:
2056 1374 2085 1381 —
2107 1348 2193 1390 lloc
2228 1354 2290 1389 est

786 1409 1044 1458 maximum,
1081 1417 1122 1450 et
1157 1407 1347 1466 primum
1383 1408 1656 1459 mandatum,
1695 1409 1934 1452 seeundum
1970 1417 2112 1451 autem
2149 1407 2290 1450 simile

785 1478 849 1512 est
873 1469 987 1520 liuic3
1007 1468 1170 1525 Ditiges
1193 1469 1446 1513 Proximum
1474 1478 1596 1513 tuum
1616 1469 1724 1512 sicut
1752 1469 1986 1527 teipsum.-
2009 1470 2122 1512 llaec
2145 1476 2291 1511 autem

787 1530 842 1574 ad
877 1529 1193 1574 abundantiam
1227 1530 1556 1588 quodammodo
1578 1530 1688 1573 (licta
1719 1530 1803 1574 sint
1828 1546 1911 1573 non
1947 1529 2063 1572 enim
2098 1544 2205 1586 opus
2230 1535 2294 1571 est

788 1590 829 1634 in
863 1606 963 1635 casu
998 1597 1141 1633 nostro
1178 1589 1459 1642 illationibus,
1483 1600 1524 1634 et
1549 1591 1801 1634 coniecturis
1824 1591 1878 1634 ad
1903 1589 2290 1634 ‹lemonstramlznn

786 1651 1000 1695 heroicam
1026 1653 1184 1696 Sorvae
1208 1652 1287 1694 Dei
1311 1667 1413 1709 erga
1443 1652 1693 1695 Proximum
1729 1652 1995 1701 charitatem,
2018 1649 2293 1709 ‹piaiitloqui-

785 1711 885 1756 dem
911 1711 1061 1762 multa,
1078 1720 1116 1755 et
1139 1712 1287 1770 gravia
1306 1720 1499 1770 prostant
1520 1713 1575 1756 ad
1594 1727 1689 1756 cam
1709 1713 1993 1757 evincendam
2017 1718 2288 1770 argumenta.

668 1774 773 1817 110.
812 1774 1060 1832 Antequam
1096 1788 1197 1817 vero
1233 1772 1301 1817 illa
1336 1773 1378 1816 in
1414 1773 1606 1817 inedium
1641 1774 1875 1832 proferam,
1915 1773 1991 1816 lioc
2016 1771 2291 1816 aninnulver-

670 2564 774 2607 111.

794 1842 881 1877 tani
914 1841 1100 1893 oportet,
1137 1834 1254 1892 quod
1290 1835 1529 1893 proximus,
1567 1836 1656 1878 sive
1679 1835 1863 1894 quilibet
1888 1835 2016 1878 homo
2046 1833 2181 1876 viator
2203 1831 2294 1875 sive

790 1896 921 1938 iustus
955 1894 1023 1945 sit,
1061 1895 1150 1937 sive
1187 1895 1341 1946 malus,
1378 1895 1469 1938 sive
1506 1895 1659 1946 tidelis,
1699 1897 1788 1939 sive
1823 1895 2027 1947 infidelis,
2056 1894 2145 1938 sive
2167 1892 2289 1944 rivis,

784 1955 876 1998 sive,
908 1963 1136 1998 extraneus
1170 1970 1267 1999 cum
1291 1956 1453 2013 duplici
1490 1958 1697 2001 coalescat
1733 1956 1967 2001 substantio
2005 1971 2089 1999 una
2127 1953 2293 1997 scilicet

785 2015 988 2073 simplici,
1016 2023 1057 2059 et
1090 2015 1318 2073 spirituali,
1339 2033 1563 2075 corporea,
1586 2027 1627 2062 et
1664 2018 1872 2062 materiali
1896 2018 2045 2067 altera,
2073 2015 2172 2060 liine
2195 2015 2294 2058 elia-

788 2077 889 2119 ritas
923 2092 1024 2133 erga
1060 2076 1180 2120 illum
1217 2093 1451 2136 numquam
1489 2079 1615 2137 plena
1638 2112 1647 2129 ‚
1696 2095 1743 2122 ac
1789 2079 1974 2135 perfecta
2011 2076 2167 2136 poterit
2203 2091 2295 2119 csse

789 2137 868 2180 nisi
888 2145 1118 2195 utramque
1136 2138 1315 2196 attingat
1334 2139 1636 2183 substantiam.
1663 2141 1901 2198 Eapropter
1920 2142 1963 2183 S.
1978 2140 2165 2181 Thomas
2183 2137 2228 2179 2.
2245 2137 2290 2179 2.

787 2206 953 2257 quaest..
992 2199 1067 2242 32.
1104 2207 1184 2241 art.
1222 2200 1265 2242 2.
1303 2200 1504 2243 observat
1539 2208 1582 2242 ct
1604 2201 1732 2244 ‹loect
1753 2201 1869 2258 quod
1894 2215 1994 2244 vera
2018 2197 2204 2257 proximi
2230 2196 2295 2240 di-

791 2258 914 2302 leetio
951 2259 991 2302 in
1028 2275 1077 2303 eo
1112 2260 1328 2317 praecise,
1368 2269 1404 2303 et
1442 2261 1571 2319 plene
1604 2262 1795 2304 consistit
1828 2270 1875 2305 ut
1908 2261 2002 2319 quis
2038 2267 2124 2303 tam
2165 2257 2295 2316 spiri-

790 2319 937 2370 tualia,
957 2335 1087 2378 quam
1124 2321 1376 2379 temporalia
1403 2322 1443 2365 in
1467 2322 1656 2366 Proximi
1682 2322 1911 2366 utilitatem
1935 2329 2148 2365 exerceat.
2171 2321 2296 2374 Quae

787 2380 969 2439 quidem
1005 2381 1222 2426 charitatis
1254 2398 1388 2440 opera
1423 2384 1527 2426 scite
1562 2384 1616 2426 ab
1652 2383 1891 2440 Augustino
1925 2383 2000 2426 lib.
2051 2382 2093 2424 1.
2137 2380 2191 2424 de
2224 2379 2295 2423 Ci—

788 2442 910 2485 vitat.
951 2442 1030 2484 Dei
1066 2459 1160 2502 cap.
1200 2444 1273 2486 17.
1310 2444 1559 2502 eleemosyna
1592 2444 1848 2502 spiritualis,
1885 2452 1921 2487 et
1957 2440 2195 2501 temporalis
2219 2456 2295 2498 ap-

790 2502 996 2561 pellatur.

814 2565 962 2622 ltaque
998 2563 1137 2622 primo
1170 2566 1364 2609 evincam
1402 2566 1601 2610 adductis
1635 2566 1809 2610 testium
1845 2565 2173 2610 auctoritatibus
2197 2564 2295 2608 Ser-

790 2639 885 2668 vam
921 2625 1001 2669 Dei
1036 2627 1237 2669 Sororem
1273 2627 1447 2671 Mariam
1482 2628 1539 2671 ab
1572 2627 1869 2671 lucarnatione
1903 2625 2137 2686 spiritualis
2165 2622 2295 2667 mise-

786 2685 999 2730 ricordiae
1033 2702 1164 2745 opera
1197 2697 1239 2731 et
1272 2688 1450 2747 quidem
1486 2697 1736 2733 constanter
1769 2696 1808 2731 et
1837 2689 2005 2732 heroice
2029 2685 2288 2730 exercuisse.

789 2749 933 2805 Atque
983 2748 1051 2792 hic
1093 2749 1246 2792 omitto
1281 2749 1442 2793 referre
1491 2750 1715 2809 quomodo
1752 2750 1791 2792 in
1825 2750 1955 2794 corde
2001 2752 2162 2794 Sei-vac
2206 2744 2291 2789 Dei

788 2807 854 2851 vel
890 2809 947 2852 ab
982 2809 1161 2854 infantia
1195 2810 1308 2855 zelus
1342 2827 1420 2870 pro
1455 2820 1631 2855 aeterna
1653 2812 1897 2855 animarum
1921 2810 2054 2854 salute
2080 2806 2288 2857 extiterit,

788 2869 875 2912 imo
909 2871 1134 2915 exarserit.
1173 2872 1262 2916 Hoc
1296 2880 1462 2916 tantum
1488 2872 1628 2917 dicam
1654 2872 1773 2932 quod
1796 2872 2000 2931 grandior
2023 2871 2178 2916 el'l'eeta
2203 2866 2290 2926 spi-
