2640 3584
630 252 690 296 22

631 334 743 370 ⁵0¹4ss
766 360 775 377 ‚
812 333 851 369 et
888 324 983 368 iicet.
1018 339 1102 368 non
1138 323 1292 368 eodem
1327 324 1510 374 ordine,
1548 332 1678 385 atque
1729 325 1828 384 ipsis
1879 327 2020 371 verbis
2064 331 2146 374 eis-

632 387 754 438 dem.
795 386 1007 445 proposita
1043 385 1279 445 miieuique
1314 388 1424 430 testi.
1465 387 1622 429 Veuzn
1649 385 1809 429 hoeni!
1834 386 1975 430 obstat
2004 390 2145 448 Ιιιιμιί-

636 448 803 491 sitionis
836 445 968 489 valeri
1002 462 1099 489 euin
1135 447 1238 490 Ιιιιιϊ
1271 445 1326 490 de
1358 446 1588 491 Ordinaria
1624 456 1663 491 et
1700 462 1783 489 non
1820 447 1875 490 de
1899 450 2032 506 Apost
2053 452 2143 496 ›lit-a

638 507 916 566 [inquisitione
951 516 1117 563 agatur.
1145 509 1269 550 Cori«-
1294 508 1334 550 in
1360 508 1602 565 Apostolien
1628 510 1826 552 Processu
1855 513 2144 556 construendo

634 570 797 612 dehent
819 567 974 611 eadem
999 568 1348 626 interrogatoria,
1375 578 1414 613 et
1439 568 1602 612 eisdem
1630 568 1770 612 verbis
1792 578 1995 626 concepta
2023 581 2147 628 prout

634 628 675 672 in
712 628 1089 673 Remissoriaiibus
1124 628 1293 672 Litteris
1332 629 1547 673 habentur
1589 629 1769 673 cuilibet.
1812 629 1906 672 testi
1949 631 2146 677 exhiberi

633 690 687 734 ad
713 689 792 733 hoc
816 698 861 732 ιιι
884 688 1117 748 iuiieuique
1153 690 1482 748 interrogatorio
1518 705 1593 749 pro
1629 689 1808 733 veritate
1848 691 2107 748 respondeat
2128 728 2137 745 ,

633 759 764 809 atque
798 750 877 794 hoe
909 749 1017 793 adeo
1051 750 1239 808 rigorose
1272 751 1457 810 exigitur
1496 759 1539 794 ιιι
1582 749 1752 793 omissio
1801 751 2147 809 interrogationis

638 810 783 870 quoad
819 826 951 854 unum
986 819 1154 855 tantum
1190 811 1569 870 lutei-rogatoriam
1605 826 1681 870 per
1714 826 1757 854 se
1793 810 1957 855 nullum
2003 813 2147 859 reddit

639 881 776 915 totum
813 872 928 915 testis
961 886 1142 915 examen
1177 871 1256 916 ine
1288 872 1502 931 siquidem
1537 872 1661 916 docet
1703 871 1809 915 luris
1840 872 1981 916 Nostri
2014 874 2153 932 Magi-

637 941 726 976 ster
761 932 838 975 lib.
862 934 891 976 2
923 947 1018 989 eap.
1044 933 1185 975 XLtX
1207 933 1259 976 N.
1286 934 1330 976 3.
1358 934 1431 976 ubi
1456 933 1566 976 inter
1588 932 1667 977 alia
1691 931 1795 976 haer
1817 933 2005 977 habet.-
2022 935 2148 989 Quod

635 1001 785 1036 autem
819 992 873 1036 ad
906 992 1021 1035 atiud
1057 992 1346 1050 propositum,
1383 1010 1436 1037 an
1471 993 1672 1038 videlicet
1705 994 1787 1037 sint
1821 1002 1948 1037 testes
1984 996 2149 1039 exami-

633 1052 762 1098 madi
797 1068 925 1111 super
941 1053 1145 1097 omnibns
1163 1054 1525 1113 interrogatoriis,
1545 1054 1600 1098 de
1622 1053 1771 1113 regula
1786 1062 1865 1105 est,
1896 1062 1941 1097 ιιι
1963 1071 2147 1100 examen

635 1114 707 1158 tiat
726 1113 1088 1172 superomnilms3
1108 1114 1165 1157 ita
1189 1123 1234 1157 ut
1262 1114 1296 1157 si
1322 1131 1451 1173 super
1477 1131 1561 1159 uno
1592 1114 1924 1173 interrogatorio
1957 1131 2043 1158 ron
2080 1116 2152 1161 {iat

636 1176 764 1219 textis
788 1190 971 1219 examen
992 1190 1069 1232 pro
1105 1175 1246 1218 minus
1279 1184 1410 1226 .··eete‚
1437 1192 1484 1220 ae
1508 1175 1717 1234 legittime
1742 1183 1930 1233 peracto,
1960 1175 2046 1219 imo
2071 1192 2148 1234 pro

634 1235 971 1285 nutto,invatido
990 1235 1240 1278 habendum
1259 1236 1328 1280 sit.
1355 1236 1726 1294 quemadmodum
1755 1237 1864 1279 bene
1888 1236 2150 1282 adnotarunt

635 1298 770 1340 Rotae
787 1297 1016 1340 Auditores
1036 1295 1076 1338 in
1103 1297 1326 1340 Relatione
1345 1299 1508 1341 Causae
1530 1298 1573 1342 S.
1596 1297 1736 1342 Caroli
1762 1298 2150 1343 Bm·i·‹›inaei.lla‹·e

634 1357 814 1416 quidem
849 1366 911 1401 est
946 1357 1107 1413 Regula
1142 1358 1353 1415 generalis
1386 1375 1499 1417 quae
1531 1374 1625 1402 suas
1659 1368 1701 1402 et
1736 1357 1823 1415 ipsa
1849 1358 2009 1416 patitur
2040 1358 2151 1402 timi-

636 1419 815 1463 tationes
850 1418 908 1461 nti
934 1417 1154 1475 sapienter
1177 1418 1347 1461 adnotat
1374 1418 1576 1463 laudatus
1600 1419 1812 1463 Pontifex.
1843 1420 1902 1461 Ex
1926 1434 2012 1477 quo
2036 1420 2148 1462 erui-

636 1489 702 1523 tur
734 1478 850 1537 quod
883 1479 917 1522 si
955 1478 994 1520 in
1029 1495 1128 1521 casu
1165 1495 1249 1522 non
1284 1479 1339 1522 de
1372 1479 1601 1524 Ordinaria
1636 1479 1914 1537 inqui-itione
1937 1513 1946 1530 ,
1983 1480 2060 1523 sed
2095 1480 2150 1523 de

635 1539 880 1599 Apostolieo
915 1546 1058 1583 actum
1093 1547 1218 1588 esset.
1256 1547 1300 1583 et
1334 1540 1500 1584 iudices
1534 1557 1609 1599 pro
1642 1557 1718 1585 suo
1753 1540 1890 1583 lubitu
1917 1540 2151 1598 interroga·

637 1601 742 1645 toria
778 1606 1039 1651 exarassent‚
1077 1616 1215 1659 eaque
1249 1600 1302 1644 ad
1336 1601 1562 1645 arbitrium
1607 1602 1783 1646 testibus
1832 1602 2149 1659 proposuissent

637 1662 807 1706 diversa
841 1676 1015 1721 quoqne
1049 1660 1270 1712 methodo,
1308 1669 1349 1705 et
1382 1661 1580 1706 dissimili
1610 1677 1783 1721 quoque
1808 1661 1972 1705 ratione
1998 1669 2149 1705 testem

636 1723 878 1783 quemlibet
918 1723 1230 1779 interrogantes
1252 1755 1262 1772 ‚
1299 1732 1342 1766 et
1376 1722 1467 1780 ipse
1500 1737 1595 1766 cum
1630 1722 1890 1767 Adversario
1931 1730 2150 1779 praestan-

638 1784 801 1828 tissimo
834 1782 1016 1826 admitto
1051 1782 1217 1825 nulium
1243 1798 1417 1840 prorsus
1441 1783 1630 1827 extitisse
1656 1784 1868 1840 integrum
1896 1782 2066 1826 ἰΙΙοι-ιιιιι
2092 1791 2151 1826 te-

635 1845 763 1888 stium
801 1858 999 1887 examen.
1039 1844 1217 1892 Verum,
1256 1844 1628 1901 quemadmodum
1664 1844 1772 1894 dixi,
1812 1844 1877 1886 hie
1903 1859 1983 1886 non
2009 1844 2154 1900 agitur

637 1906 714 1949 nisi
749 1905 806 1949 de
839 1906 1039 1947 Processu
1074 1904 1305 1948 Ordinaria
1339 1904 1592 1948 auctoritate
1629 1904 1845 1954 confecto,
1894 1912 1936 1948 et
1980 1904 2020 1947 in
2068 1920 2153 1962 quo

636 1967 745 2011 sicut
783 1965 1001 2009 tudicibus
1035 1964 1172 2008 libera
1197 1964 1384 2008 traditur
1408 1966 1586 2010 facultas
1610 1965 1942 2023 interrogatoria
1974 1980 2155 2008 exaran-

637 2027 698 2079 di,
737 2027 796 2070 ita
829 2035 870 2069 et
904 2025 1081 2069 libertas
1118 2025 1285 2069 Eisdem
1322 2043 1344 2069 a
1379 2028 1477 2070 lure
1500 2026 1750 2070 conceditur
1769 2041 1898 2083 snper
1922 2025 2001 2068 iltis
2026 2034 2153 2069 testes

638 2087 780 2147 prouti
813 2086 943 2131 satius
975 2086 1179 2129 duxerint
1213 2086 1525 2145 interrogandi.
1561 2088 1733 2131 Faisuin
1759 2102 1861 2130 vero
1884 2085 2086 2145 estquod
2110 2086 2152 2129 in

638 2165 734 2194 casu
772 2157 914 2191 nostro
947 2146 1059 2191 dicta
1084 2148 1414 2206 interrogatoria
1439 2148 1523 2192 diei
1549 2150 1709 2206 possint
1733 2146 2000 2205 suggestivae
2022 2162 2154 2205 quae-

638 2211 800 2253 stiones
833 2208 1016 2252 testibus
1049 2208 1290 2252 inconsulto
1335 2209 1595 2267 propositae.
1644 2210 1694 2251 Et
1734 2224 1836 2252 sane
1878 2208 1929 2251 ad
1973 2222 2154 2251 examen

638 2270 860 2330 ptuiisper
892 2269 1098 2328 cuiusque
1132 2271 1361 2313 Processus
1393 2270 1684 2326 Quebecensis
1719 2268 2044 2326 interrogatoria
2081 2283 2153 2310 vo-

639 2347 800 2376 cemus.
839 2331 1102 2388 Aperiantur
1135 2330 1325 2388 primum
1362 2331 1519 2388 prioris
1554 2329 1845 2389 inquisitionis
1870 2338 1975 2372 aeta.
1998 2330 2059 2372 Ex
2084 2344 2155 2371 eo-

641 2408 738 2437 rum
775 2392 954 2435 lectione
990 2390 1130 2448 primo
1164 2391 1385 2434 oculorum
1418 2390 1614 2435 coniectu
1650 2399 1845 2449 apparet,
1874 2391 2156 2447 interrogato-

642 2454 703 2496 ria
740 2452 917 2495 testibus
955 2451 1059 2494 saeta
1094 2467 1231 2509 eaque
1261 2451 1563 2510 utplurimum
1589 2451 1752 2496 eisdem
1779 2451 1921 2494 ven-bis
1948 2457 2151 2507 concepta

641 2522 682 2557 et
716 2512 920 2556 eumdem
957 2528 1130 2571 qnoque
1165 2528 1337 2555 sensum
1373 2513 1660 2571 exprimentia
1698 2511 1845 2555 referri
1870 2515 1923 2555 ad
1949 2519 2149 2560 aetatem,

643 2589 818 2625 nomen,
857 2573 1171 2617 professionem
1207 2573 1336 2624 testis,
1375 2574 1428 2617 ad
1464 2573 1625 2617 eutium
1661 2576 1820 2619 Sei-vae
1855 2573 1934 2616 Dei
1979 2573 2035 2616 ab
2074 2571 2153 2614 eis-

641 2635 742 2678 dem
780 2650 856 2678 nee
891 2651 943 2677 ne
976 2633 1233 2682 exhibitum,
1271 2635 1409 2678 cultus
1448 2635 1642 2677 eiusdem
1682 2633 1870 2692 speciem
1896 2633 2052 2677 scilieet
2078 2647 2153 2690 pu·

644 2696 807 2740 blieurn
844 2711 895 2740 ne
928 2711 981 2739 an
1018 2695 1158 2753 potius
1192 2696 1408 2753 privatum
1432 2729 1441 2746 ,
1478 2695 1533 2738 ad
1568 2695 1727 2738 faniam
1759 2694 1936 2739 alieuius
1959 2693 2154 2737 miraculi

643 2774 666 2800 a
702 2760 795 2801 Deo
844 2756 1160 2801 interventione
1209 2756 1426 2815 praefatae
1460 2758 1617 2801 Sei-vae
1651 2755 1732 2798 Dei
1768 2755 1956 2814 patrati,
1988 2754 2045 2799 ad
2081 2769 2157 2796 no-

645 2817 780 2861 titiam
817 2827 858 2862 et
890 2817 1092 2861 adiuncta
1117 2817 1312 2862 eiusdem
1337 2816 1532 2861 miraculi
1556 2825 1598 2861 et
1622 2816 1677 2860 ita
1704 2832 1847 2875 porro.
1868 2815 1986 2861 Cedo
2009 2828 2157 2858 exem-

644 2879 762 2937 pium
800 2879 856 2923 sie
881 2878 1017 2923 foi.3't
1041 2878 1143 2922 dei
1170 2881 1391 2922 Processus
1415 2878 1543 2936 primi
1567 2878 1855 2933 Quota-censis
1879 2878 1980 2921 haec
2004 2877 2151 2920 hahet.

2602 1697 2609 1710 ο
2593 1635 2608 1652 U
2594 1574 2610 1592 U
2595 1513 2611 1532 U
2596 1452 2610 1470 U
2596 1391 2612 1410 U
2595 1331 2610 1349 U
2595 1270 2610 1288 U
2596 1208 2611 1227 U
2594 1149 2609 1166 U
2594 1088 2609 1106 U
2595 1026 2613 1045 D
2597 966 2612 984 1
2594 905 2611 924 U
2594 845 2610 864 V
2597 785 2612 804 υ
2594 724 2610 742 U
2595 664 2610 682 U
2597 603 2612 621 U
2595 543 2611 560 U
2602 481 2618 501 -
2594 421 2611 440 0
2603 346 2611 364 α
