2760 3584
861 233 952 276 420

864 325 880 344 ι
911 304 1145 347 introdotta
1178 304 1232 347 da
1266 305 1349 347 San
1385 303 1621 362 Giuseppe.
1659 302 1745 346 Ena
1781 311 1931 346 teneva
1956 302 2093 345 dietro
2126 320 2149 346 a
2183 304 2227 346 se
2270 320 2355 349 una

865 384 882 403 ι
910 364 978 422 pia
1012 365 1190 422 Signora
1223 364 1261 406 la
1294 363 1422 421 quale
1456 378 1591 407 aveva
1627 363 1865 406 incontra-ta
1899 377 1988 406 non
2023 378 2177 420 sapeva
2215 380 2350 417 come,

863 444 879 464 »
908 425 977 468 nel
994 424 1123 482 luogo
1146 423 1173 466 ii
1191 423 1266 481 pin
1284 422 1500 468 eminente
1514 440 1586 468 era
1603 439 1755 468 ancora
1778 423 1817 466 ia
1840 425 1970 469 Santa
1992 423 2177 482 Vergine
2194 424 2270 467 01ιο
2295 434 2356 470 te-

864 505 880 524 »
908 500 1016 528 neva
1051 492 1112 527 tra
1147 483 1186 527 10
1218 499 1293 528 5υο
1324 485 1493 528 braceia
1528 485 1553 527 ii
1588 500 1665 527 suo
1705 485 1941 530 Benedetto
1986 483 2136 541 Figlio.
2195 486 2356 540 Questa

865 566 881 583 ι
909 544 1053 588 divina
1088 543 1235 588 Madre
1274 560 1297 587 a
1332 553 1393 587 tre
1427 545 1585 590 diversi
1620 546 1833 588 intervalli
1876 543 1997 588 bacio
2030 560 2107 587 eon
2142 559 2287 589 amore
2312 547 2352 591 la

864 624 879 642 »
908 605 1039 648 Serva
1073 604 1117 647 di
1161 606 1243 648 Dio
1286 605 1495 663 parlando
1539 605 1581 648 di
1621 606 1691 648 Lei
1736 619 1806 648 ma
1840 605 1881 648 in
1905 613 2090 662 segreto‚
2116 620 2198 648 con
2229 605 2256 648 il
2279 622 2355 650 suo

863 686 879 703 »
908 664 1130 708 adorabile
1163 667 1193 708 F
1201 665 1315 723 igno.
1348 686 1362 704 a
1403 667 1520 709 Hane
1558 680 1659 708 vero
1694 665 1909 723 regionem
1954 665 2204 723 sylvestrem
2259 682 2352 711 esse

858 724 973 769 iilam
1018 726 1313 770 Canadensem
1348 741 1432 769 non
1483 734 1620 784 potest
1658 726 1699 769 in
1743 726 1928 769 dubium
1973 726 2076 769 verti
2111 760 2121 777 ,
2163 728 2356 783 quando-

854 785 1031 844 quidem
1067 786 1180 829 dicta
1213 787 1349 829 Testis
1393 794 1564 830 enarrat
1596 787 1713 845 quod
1756 788 1886 831 Serva
1941 786 2022 829 Dei
2074 788 2255 845 appulsa
2299 789 2354 832 ad

860 847 977 889 littus
1010 846 1285 897 Canadense,
1322 847 1466 889 statim
1510 847 1680 905 agnovit
1712 847 1826 890 iilam
1870 862 1961 890 esse
2006 847 2225 904 regionem
2270 849 2352 892 sibi

857 922 931 950 sex
954 915 1052 949 ante
1086 922 1218 949 annos
1256 907 1298 949 in
1335 907 1495 949 visione
1534 915 1745 950 ostensam
1767 906 1953 966 (Summ.
1992 906 2098 949 ibid.
2129 923 2227 965 pag.
2254 909 2352 968 49.)

862 987 877 1004 α
907 967 1174 1010 Finaimente
1208 967 1275 1009 ιιοΙ
1320 968 1458 1025 primo
1501 968 1652 1025 giorno
1695 968 1739 1011 di
1774 969 1933 1025 Agosto
1978 965 2074 1010 dess’
2097 983 2211 1010 anno
2238 970 2352 1013 mille

860 1047 875 1065 »
906 1026 1095 1069 seieento
1121 1035 1372 1071 trentanove
1396 1028 1434 1071 la
1458 1029 1591 1074 Serva
1612 1028 1655 1072 di
1680 1029 1778 1078 Dio,
1806 1044 1829 1071 e
1862 1028 1900 1071 10
1923 1043 2160 1085 eompagne
2183 1030 2355 1074 arriva-

861 1107 876 1124 ι
908 1102 1011 1129 ι·οιιυ
1046 1104 1069 1130 a
1104 1088 1310 1143 Quebee;
1338 1088 1484 1131 subito
1524 1104 1615 1133 esse
1653 1089 1685 1132 si
1708 1089 1970 1132 dediearono
1994 1089 2353 1145 all'oecupazioni

859 1168 875 1185 »
903 1147 971 1191 del
1007 1148 1097 1190 loro
1131 1148 1312 1200 istituto,
1354 1165 1642 1208 quai..unquo
1685 1164 1770 1192 non
1807 1164 2002 1192 avessero
2041 1164 2116 1206 per
2152 1157 2258 1192 tutto
2297 1151 2355 1195 al-

859 1229 875 1246 »
905 1208 1044 1265 loggio
1067 1208 1145 1251 che
1190 1225 1272 1251 una
1299 1210 1462 1266 piccola
1500 1225 1593 1253 casa
1632 1209 1675 1253 di
1719 1210 1805 1253 due
1843 1217 1999 1252 stanze.
2038 1210 2093 1252 La
2127 1210 2257 1253 Serva
2300 1212 2345 1255 di

857 1288 873 1305 a
904 1267 987 1309 Dio
1032 1268 1239 1318 rimarca,
1287 1270 1363 1312 01ιο
1417 1270 1505 1313 Ena
1557 1269 1795 1313 riconobbe
1857 1269 1898 1312 in
1951 1276 2056 1312 tutto
2101 1278 2236 1328 punto
2282 1273 2351 1315 nel

857 1347 873 1367 a
903 1327 1073 1371 Canada
1106 1328 1133 1371 il
1166 1344 1295 1387 paese
1326 1330 1402 1372 01ιο
1438 1331 1476 1373 10
1509 1346 1579 1374 era
1614 1337 1721 1374 stato
1755 1330 1946 1375 additato
1981 1330 2035 1373 da
2057 1331 2140 1373 Dio
2175 1330 2233 1373 sei
2251 1332 2352 1375 anni
2546 1329 2548 1331 ¹
2732 1363 2759 1406 2

856 1409 871 1426 1·
902 1397 1065 1431 avanti.
1110 1409 1125 1427 »

733 1450 839 1493 222.
877 1450 1055 1492 Occulta
1090 1465 1294 1508 quoque,
1331 1460 1372 1494 et
1405 1452 1654 1496 absc-ondita
1686 1452 1822 1496 cordis
1866 1453 1998 1496 Serva
2032 1453 2110 1495 Dei
2165 1467 2352 1509 superno

856 1510 1020 1553 lumine
1054 1509 1264 1554 illustrata
1301 1511 1480 1554 detexit.
1524 1515 1574 1556 Et
1607 1528 1710 1556 sane
1754 1513 1901 1555 abdita
1945 1512 2082 1556 cordis
2130 1512 2351 1557 cuiusdam

852 1570 1045 1613 Monialis
1078 1572 1172 1628 Ipsa
1210 1570 1322 1614 clare
1361 1572 1571 1624 intuetur,
1625 1582 1667 1616 et
1705 1573 1896 1616 futuram
1936 1572 2077 1616 eidem
2123 1574 2348 1631 praedicit.

847 1630 984 1673 Testis
1036 1631 1097 1672 xl
1151 1630 1338 1689 (Summ.
1376 1647 1499 1676 num.
1536 1635 1590 1677 V.
1615 1648 1710 1692 pag.
1753 1634 1851 1692 60.)
1896 1654 1912 1672 «
1937 1635 2179 1677 Penetrava
2212 1636 2350 1677 ezian-

852 1711 868 1728 n
899 1690 970 1734 dio
1011 1690 1074 1750 (S.
1103 1692 1180 1751 D.)
1222 1693 1291 1736 nel
1334 1701 1499 1751 segreto
1538 1695 1609 1738 dei
1647 1694 1780 1738 cuori.
1807 1695 1900 1748 Una
1923 1694 2137 1752 Religiosa
2161 1695 2202 1737 ia
2225 1695 2351 1754 quale

855 1771 870 1791 1>
900 1752 1114 1795 trovavasi
1148 1752 1189 1794 in
1231 1754 1382 1811 grandi
1430 1770 1541 1812 pene
1575 1756 1742 1799 interne
1778 1790 1788 1806 ,
1832 1755 1863 1798 si
1911 1755 2008 1798 reco
2052 1771 2108 1798 un
2143 1754 2292 1812 giorno
2326 1771 2349 1798 a

851 1832 867 1850 ν»
899 1812 1104 1856 trovarla:
1146 1814 1345 1858 vedendo
1387 1815 1465 1858 che
1498 1832 1589 1860 essa
1627 1832 1761 1860 aveva
1799 1816 1912 1860 delle
1944 1815 2143 1859 difficolt&
2193 1833 2215 1859 a
2251 1832 2350 1860 con-

854 1892 869 1910 »
899 1872 1059 1924 fidarsi,
1098 1874 1137 1916 la
1170 1875 1445 1918 caritatevole
1478 1878 1627 1921 Madre
1661 1877 1873 1936 appoggio
1908 1877 1935 1920 il
1959 1892 2064 1934 capo
2086 1876 2196 1920 sulla
2221 1892 2350 1921 mano

850 1952 866 1971 »
897 1948 976 1991 per
1008 1934 1049 1975 10
1082 1935 1225 1991 spazio
1259 1936 1303 1979 di
1339 1953 1392 1979 un
1429 1939 1555 1981 Pater
1573 1939 1627 1982 ed
1646 1941 1751 1988 Ave,
1773 1937 1925 1996 quindi
1962 1938 2211 1981 rialzandosi
2236 1938 2348 1981 disse

854 2014 870 2031 n
902 2018 923 2024 -
958 2002 1147 2051 potreste
1181 2011 1311 2039 avere
1346 2005 1462 2040 tanta
1496 1998 1696 2042 difficotza
1730 2016 1754 2042 a
1788 1999 1918 2043 dirmi
1954 1998 1993 2041 ia
2029 1998 2124 2049 tale,
2163 2012 2187 2040 0
2220 1999 2258 2041 la
2293 2000 2351 2042 tal

853 2073 870 2092 »
898 2055 1028 2097 cosa?
1060 2082 1088 2089 -
1120 2056 1281 2110 Quindi
1317 2058 1405 2101 Elia
1440 2059 1477 2101 le
1510 2070 1701 2117 prediszse
1734 2060 1799 2103 cio
1834 2075 1989 2104 ancora
2022 2059 2098 2102 rho
2133 2075 2156 2101 a
2175 2058 2246 2101 Lei
2275 2075 2349 2103 av-

853 2134 869 2152 »
899 2114 1047 2157 venire
1080 2115 1265 2167 doveva,
1293 2133 1316 2160 0
1350 2118 1389 2162 10
1421 2121 1590 2177 suggeri
1626 2121 1635 2164 i
1669 2120 1845 2178 consigli
1880 2120 1953 2178 pin
1988 2119 2178 2163 salutari.
2206 2140 2221 2156 υ
2540 2144 2542 2147 <
2691 2148 2749 2193 22

724 2176 830 2219 223.
868 2176 1061 2218 Estasum
1087 2176 1262 2233 insuper
1286 2178 1399 2221 dono
1422 2180 1625 2225 decorata
1649 2181 1727 2224 suit
1752 2181 1914 2224 Eadem
1940 2182 2073 2224 Serva
2098 2180 2194 2223 Dei.
2221 2181 2349 2235 Quod
2554 2185 2573 2209 ς

846 2235 1023 2293 quidem
1075 2236 1243 2294 saepius
1286 2237 1436 2281 Eidem
1473 2241 1672 2284 accidisse
1706 2249 1831 2285 testes
1865 2241 2122 2284 unanimiter
2157 2240 2349 2284 referunt

843 2296 1096 2354 praesertim
1130 2312 1230 2339 eum
1266 2299 1448 2342 orationi
1483 2302 1678 2353 vacabat,
1704 2309 1746 2344 et
1779 2302 1820 2344 in
1856 2317 1902 2345 ea
1937 2311 2119 2359 quatuor
2152 2308 2194 2344 et
2228 2302 2350 2359 quin-

842 2372 929 2415 que
963 2356 1088 2400 hon-as
1121 2358 1391 2402 continenter
1425 2360 1603 2404 immota
1654 2363 1890 2421 perstabat,
1925 2362 1982 2405 ita
2019 2370 2063 2405 ut
2095 2361 2214 2419 gravi
2248 2378 2348 2405 con-

841 2417 1035 2461 cussione
1067 2432 1174 2475 opus
1206 2428 1315 2463 esset
1347 2421 1401 2464 ad
1435 2421 1513 2465 hoc
1546 2430 1592 2465 ut
1626 2423 1668 2466 in
1700 2439 1745 2466 se
1763 2423 1925 2466 rediret
1958 2430 2000 2465 et
2033 2422 2086 2465 ad
2118 2437 2265 2466 sensus
2286 2439 2350 2467 re-

843 2486 1089 2522 vocaretur.
1126 2480 1263 2522 Testis
1297 2482 1348 2523 11.
1388 2480 1579 2539 (Summ.
1604 2499 1721 2528 num.
1762 2485 1853 2527 Vll.
1882 2500 1978 2543 pag.
2006 2485 2078 2526 70.
2111 2503 2126 2521 α
2157 2483 2344 2527 Sovente

848 2559 864 2577 ι)
895 2540 1105 2582 avveniva
1142 2555 1226 2583 una
1259 2542 1400 2599 specie
1435 2542 1479 2586 di
1514 2544 1861 2602 trasfigurazione
1896 2544 1964 2587 nei
1981 2544 2069 2588 suoi
2094 2544 2345 2588 lineamenti

847 2621 862 2638 s>
893 2600 932 2643 la
965 2602 1065 2658 qual
1089 2615 1182 2644 cosa
1208 2602 1247 2644 10
1270 2602 1379 2646 dava
1416 2604 1486 2646 (ιη’
1508 2621 1745 2663 apparenza
1779 2605 1823 2648 di
1869 2622 1952 2649 una
1987 2621 2166 2663 persona
2207 2606 2343 2663 rapita

847 2681 862 2699 n
894 2661 937 2705 in
970 2662 1113 2705 estasi.
1149 2662 1334 2716 Quando
1367 2665 1461 2708 Ena
1494 2675 1614 2710 stava
1650 2667 1691 2709 in
1728 2666 1922 2709 orazione
1968 2666 2147 2725 ispirava
2193 2665 2218 2708 1’
2250 2665 2345 2709 idea

846 2742 861 2760 ›>
894 2723 937 2766 di
973 2738 1026 2765 un
1062 2723 1275 2773 saratino,
1297 2739 1320 2766 e
1353 2725 1530 2770 l'anima
1563 2742 1638 2770 sua
1672 2743 1743 2770 era
1779 2727 1984 2771 taimente
2018 2734 2177 2770 assorta
2196 2727 2237 2769 in
2262 2727 2345 2770 Dio

848 2803 861 2820 »ι
893 2784 969 2827 01ιο
1002 2799 1104 2827 eran
1139 2784 1375 2828 necessarie
1409 2787 1523 2831 (10110
1558 2787 1657 2831 sorti
1690 2803 1857 2838 scosse,
1896 2788 2009 2832 onde
2042 2787 2240 2831 renderia
2273 2803 2341 2831 av-

846 2863 861 2881 »
891 2845 1044 2889 vertita
1079 2844 1150 2888 del
1184 2844 1272 2888 {ine
1305 2844 1418 2890 dena
1452 2848 1737 2893 meditazione
1768 2870 1782 2887 ι»
1822 2850 1949 2904 Quod
1992 2849 2213 2892 confirmat
2262 2850 2343 2892 Te-
