2616 3568
569 257 630 300 80

577 350 594 369 ι
624 330 884 375 assumendo
916 329 962 373 di
987 329 1090 372 lanli
1119 328 1241 373 alfari
1269 329 1306 372 la
1324 329 1543 374 direzione
1573 349 1589 369 ι
1619 329 1730 388 (loeo
1763 329 1835 372 eil.
1864 345 1963 389 pag.
2008 333 2084 376 34.

573 390 618 453 S.
644 392 721 443 23,
747 390 843 450 ⁶24).
872 390 978 433 Hinc
1013 390 1169 447 passim
1205 390 1247 433 in
1281 391 1529 434 Summario
1564 391 1652 449 ipsa
1697 389 1776 433 Dei
1829 389 1989 435 famula
2024 392 2089 436 in·

579 472 595 490 ·
626 452 798 496 ducitur
829 465 926 493 eum
962 449 1185 501 rhodani-iis,
1211 466 1308 494 eum
1345 452 1625 502 mulionibus,
1652 450 1832 509 aliisque
1876 451 1917 495 id
1952 466 2089 509 genus

576 512 750 570 negotia
786 518 1070 567 pertractans.

705 571 810 614 405.
837 571 923 615 Nisi
959 570 1111 614 scirem
1146 586 1192 615 ae
1225 573 1363 631 probe
1382 587 1601 616 noscerem
1626 573 1856 616 Censorem
1890 581 2083 617 nostrum

578 632 632 676 ad
656 632 719 676 sui
745 631 939 675 muneris
974 639 1116 689 partes
1138 632 1365 677 obeundas
1388 633 1543 676 similia
1567 633 1732 677 obieeta
1757 633 1963 677 diluenda
1990 649 2090 691 pro-

574 708 758 750 ponere,
785 699 954 736 coaetus
988 693 1178 749 proseelo
1211 709 1349 737 essem
1387 695 1493 737 Eum
1527 693 1609 736 illis
1627 694 1907 752 aequiparare
1931 694 2005 754 qui
2032 693 2093 738 id-

577 753 688 797 circo
722 753 823 811 quia
857 760 1135 796 mutaverunt
1171 755 1247 805 ius,
1271 754 1420 798 dicunt
1455 754 1618 796 bonum
1653 756 1834 806 malum,
1860 763 1901 797 el
1926 754 2090 798 n'ialum

578 814 761 864 bonnm,
784 822 825 856 et
857 829 1044 871 quorum
1071 815 1176 857 irato
1198 823 1316 858 certe
1341 814 1535 863 numine,
1559 813 1725 857 infelice
1749 815 1827 858 bae
1861 824 2005 859 nostra
2028 830 2093 859 ae-

581 880 696 925 tate,
736 874 950 932 plurimus
984 888 1037 915 ne
1070 874 1211 918 dicam
1247 874 1438 918 inlinilus
1470 882 1531 917 est
1578 889 1802 918 numeruS.
1837 877 1887 918 Et
1920 891 1967 919 re
2002 875 2092 933 ipsa

583 949 683 978 vera
718 934 912 977 heroicos
945 934 1064 990 Spei,
1091 943 1132 976 et
1165 935 1392 980 Chat-itatis
1425 943 1544 979 aelus
1576 951 1600 978 a
1635 936 1767 979 Serva
1817 935 1897 978 Dei
1934 936 2094 980 invicte

584 995 792 1037 exercitos
816 995 933 1037 ldem
970 993 1254 1039 Adversarius
1275 996 1404 1040 veluti
1425 996 1675 1053 culpabiles,
1697 1005 1738 1039 el
1759 995 2095 1054 reprehensione

586 1055 739 1112 dignos
775 1054 1015 1106 traducere,
1044 1071 1092 1098 ae
1126 1067 1447 1115 repraesentare
1491 1057 1586 1100 lieet
1630 1057 1840 1101 ineassum
1889 1066 2088 1101 conatur.

586 1115 712 1171 Quod
750 1123 793 1158 ut
814 1125 1020 1174 appareat
1053 1116 1295 1161 evidentius
1330 1118 1483 1161 iuverit
1520 1117 1726 1175 integram
1763 1117 1879 1161 lestis
1908 1119 1983 1162 Vll
2019 1118 2096 1162 liae

585 1175 773 1234 desuper
796 1192 838 1218 re
862 1176 1176 1235 depositionem
1212 1179 1252 1221 in
1289 1179 1480 1222 medium
1508 1177 1714 1235 prolerre,
1734 1177 2095 1237 quandoquidem

582 1236 921 1280 Animadversor
944 1253 1022 1295 pro
1056 1252 1177 1281 more
1210 1255 1286 1281 suo
1321 1253 1518 1282 mancam
1555 1239 1687 1289 illam,
1713 1248 1756 1282 et
1789 1239 2094 1283 obtruncatam

586 1296 803 1355 produxit.
836 1299 982 1356 ltaque
1016 1298 1271 1357 interrogata
1304 1299 1416 1343 dieta
1453 1299 1569 1343 iestis
1601 1316 1653 1343 an
1688 1299 1728 1342 in
1762 1299 1892 1343 domo
1925 1299 2092 1344 Soron-is

585 1358 768 1400 mutatio
802 1358 946 1416 aliqua
963 1359 1189 1416 eontigerit,
1211 1362 1371 1403 Sei-vae
1406 1361 1487 1404 Dei
1508 1360 1563 1404 ita
1588 1360 1677 1418 ipsa
1701 1360 1938 1418 respondit:
1966 1380 1981 1398 ι
2008 1360 2098 1404 Ena

595 1438 610 1455 ι
633 1418 665 1460 si
701 1427 878 1462 trovava
914 1419 957 1461 in
996 1434 1137 1463 mezzo
1170 1421 1252 1463 alle
1289 1420 1549 1465 uiniliazioni
1584 1421 1661 1464 elie
1688 1436 1794 1463 sono
1828 1428 1936 1464 slale
1960 1420 2005 1464 di
2030 1421 2098 1478 gia

596 1498 612 1517 ι
640 1478 908 1523 menzionale
954 1495 978 1523 e
1029 1488 1168 1524 temea
1201 1481 1243 1524 di
1279 1497 1421 1525 essere
1455 1482 1635 1533 rilratla,
1660 1480 1948 1539 allorquando
1969 1481 1996 1525 il
2022 1498 2098 1526 sue

595 1559 610 1577 ι
639 1547 837 1598 cognato,
860 1555 882 1582 e
917 1541 957 1583 la
990 1556 1064 1584 sua
1098 1542 1250 1585 sorella
1282 1542 1359 1585 elie
1391 1550 1570 1586 sovente
1603 1542 1634 1585 si
1670 1557 1880 1585 recavano
1909 1543 1951 1585 in
1987 1558 2099 1587 cam-

594 1619 610 1638 »
640 1617 780 1659 pagna
817 1600 1073 1650 linalmenle
1102 1602 1307 1660 api-irono
1329 1604 1386 1661 gli
1410 1604 1527 1647 occhi
1553 1603 1725 1646 intorno
1753 1603 1791 1645 ai
1819 1603 1967 1646 talenti
1987 1603 2100 1647 della

595 1680 609 1697 ·
638 1664 774 1705 Serva
808 1661 851 1704 di
889 1662 1030 1711 Dio,e
1065 1662 1103 1705 la
1139 1678 1378 1720 pregarouo
1411 1664 1455 1706 di
1491 1663 1704 1721 prendere
1740 1663 1777 1706 la
1800 1663 2020 1707 direzione
2054 1664 2099 1708 di

581 1721 731 1763 --tuni
768 1720 778 1762 i
812 1721 903 1764 loro
937 1721 1073 1764 al'l'ari.
1100 1724 1364 1781 Qualunque
1397 1723 1507 1767 fosse
1557 1725 1592 1767 la
1641 1723 1901 1781 ripugnanza
1945 1724 2024 1767 elie
2055 1725 2100 1769 di

592 1800 608 1819 ι
636 1781 702 1824 cio
737 1781 967 1832 risentisse,
995 1797 1103 1840 pure
1138 1784 1177 1826 vi
1212 1784 1245 1826 si
1279 1784 1510 1834 sobharco,
1552 1799 1677 1827 senza
1701 1784 1805 1841 pero
1850 1785 2100 1829 lolalmenle

590 1860 606 1879 ι
634 1841 812 1885 laseiare
846 1842 885 1885 le
918 1857 994 1886 sue
1029 1844 1166 1899 prime
1199 1843 1476 1901 oecupazioni
1511 1843 1627 1902 quali
1663 1846 1758 1887 Essa
1806 1859 1941 1887 aveva
1986 1860 2100 1888 eser-

592 1921 607 1940 ·
636 1903 765 1946 citate
800 1918 876 1959 per
909 1904 953 1947 lo
985 1904 1127 1961 spazio
1160 1904 1203 1948 di
1240 1914 1303 1948 lre
1336 1922 1361 1948 o
1394 1914 1566 1963 ‹piam-o
1599 1904 1718 1955 anni,
1738 1905 1856 1948 eche
1890 1904 1928 1948 le
1964 1921 2098 1949 erano

591 1983 606 2000 ι
636 1978 731 2006 rese
764 1977 861 2007 care
893 1964 1008 2008 dalla
1051 1965 1199 2016 carita,
1235 1981 1259 2009 e
1308 1965 1584 2010 dall’umilla.
1621 1966 1651 2008 ll
1691 1980 1769 2009 suo
1808 1980 1985 2009 suoeero
2030 1982 2101 2011 era

592 2043 606 2060 ι’
636 2024 1019 2069 Coinmissionario
1054 2041 1130 2083 per
1164 2027 1190 2070 il
1227 2035 1438 2085 [rasporlo
1472 2026 1586 2070 delle
1622 2026 1858 2070 mei-canzie
1905 2026 1946 2069 in
1995 2035 2101 2071 [ulte

597 2104 611 2121 ο
642 2084 680 2127 le
716 2086 827 2142 parti
861 2086 930 2129 del
967 2102 1114 2143 regno,
1146 2088 1199 2132 ed
1243 2103 1315 2131 era
1359 2087 1495 2131 anche
1545 2086 1724 2130 ussieiale
1772 2086 1816 2131 di
1852 2088 2102 2145 Artiglieria

596 2165 611 2183 ι·
640 2160 764 2188 senza
800 2146 968 2204 pai-lare
1001 2147 1044 2190 (Ιί
1082 2148 1276 2207 pareechi
1311 2148 1406 2192 altri
1443 2147 1550 2192 usliei
1585 2148 1663 2191 elie
1695 2146 1852 2191 veniva
1877 2148 2098 2192 imitando

597 2224 614 2244 ι
642 2206 828 2249 secondo
861 2208 900 2250 le
934 2224 1200 2260 oecon-onze,
1229 2208 1343 2252 onde
1361 2225 1446 2253 non
1464 2209 1626 2253 dovere
1648 2207 1887 2266 dipendere
1904 2208 1961 2253 da
1985 2209 2098 2260 altri,

596 2284 615 2305 ι
641 2267 723 2325 egli
759 2267 922 2312 ritenea
955 2284 1104 2327 presso
1137 2269 1179 2313 di
1213 2286 1257 2314 se
1293 2278 1401 2313 tulto
1434 2271 1499 2313 cio
1531 2271 1610 2314 elie
1660 2269 1792 2327 eragli
1843 2271 2098 2322 necessario,

603 2346 619 2365 »
652 2328 831 2380 nomini,
872 2331 1041 2379 cavalli,
1089 2333 1223 2383 mule,
1267 2340 1440 2374 vetlure
1481 2347 1568 2376 ece.
1605 2345 1691 2374 eec-
1729 2331 1787 2372 La
1828 2330 2104 2375 ean-italevole

599 2407 616 2426 ι
647 2388 812 2432 vedova
846 2391 1105 2435 assumendo
1137 2392 1181 2435 di
1217 2392 1323 2436 tanti
1356 2392 1477 2437 all'ari
1511 2392 1549 2436 la
1582 2391 1797 2435 (lirezione
1839 2391 1872 2434 si
1909 2398 2103 2435 mamen—

599 2468 615 2486 ι
644 2464 698 2492 ne
733 2449 775 2492 in
809 2451 927 2507 guisa
964 2452 1261 2511 maravigliosa
1307 2454 1420 2497 nello
1467 2452 1619 2511 spii-ilo
1666 2451 1709 2494 di
1754 2452 2099 2509 raecoglimento,

601 2529 618 2548 ι
645 2525 669 2552 e
703 2510 746 2553 di
782 2512 1031 2555 solitudine.
1061 2515 1157 2556 Essa
1190 2523 1320 2558 stessa
1370 2514 1581 2563 dielniara,
1622 2512 1698 2555 elie
1747 2512 1862 2555 nulla
1906 2513 2102 2571 perdeue

602 2590 618 2608 ι
645 2570 759 2614 della
794 2587 868 2616 sua
903 2573 1195 2631 applicazione
1230 2575 1271 2618 in
1311 2575 1408 2626 Dio,
1431 2576 1508 2619 che
1543 2574 1612 2616 nel
1650 2580 1813 2616 mentre
1845 2573 1876 2616 si
1926 2582 2104 2618 [rovava

601 2650 617 2668 ι
642 2630 684 2674 in
721 2647 864 2676 mezzo
896 2635 935 2678 al
970 2634 1164 2693 (lisbrigo
1198 2636 1269 2680 dei
1304 2635 1653 2686 commen-vianti,
1675 2634 1701 2676 il
1735 2650 1811 2677 suo
1846 2635 1998 2693 spirito
2033 2651 2105 2679 era

598 2711 615 2729 ι
645 2691 878 2737 inabissalo
912 2695 1025 2739 nella
1060 2698 1213 2740 Maesta
1233 2697 1277 2741 (Ιί
1305 2698 1403 2741 Dio.
1426 2697 1479 2740 ΑΙ
1500 2695 1672 2739 vederla
1706 2695 1928 2739 sai-ebbesi
1964 2695 2102 2747 deuo,

601 2771 617 2791 ι
646 2753 723 2797 elie
742 2754 865 2799 dessa
885 2755 994 2800 losse
1013 2765 1121 2801 luna
1141 2757 1344 2802 immersa
1370 2760 1411 2802 in
1430 2757 1496 2801 eie
1517 2756 1594 2800 elie
1621 2755 1780 2806 facem,
1802 2756 1845 2800 in
1876 2757 1941 2800 cio
1966 2756 2045 2800 che
2068 2756 2107 2801 le

594 2831 615 2852 ι
640 2814 673 2857 si
698 2815 867 2868 dieeva,
896 2833 966 2861 ma
1008 2818 1080 2863 dal
1119 2827 1341 2863 momento
1360 2820 1400 2863 in
1426 2819 1494 2863 eui
1514 2832 1648 2861 aveva
1681 2816 1770 2860 Ella
1790 2817 2044 2861 soddisfuuo
2067 2818 2107 2861 al

592 2892 612 2912 ε
642 2889 721 2919 suo
740 2875 920 2931 dovere,
936 2878 1024 2922 Elia
1044 2879 1160 2925 nulla
1180 2881 1399 2930 vedeva.e
1420 2879 1534 2923 nulla
1549 2878 1625 2938 piu
1642 2878 1964 2936 comprendeva
1978 2878 2024 2923 di
2042 2878 2108 2922 cii»
