2648 3600
1926 307 1983 351 15

459 378 859 423 demonstrantibus
896 379 935 422 in
974 381 1164 425 medium
1202 383 1427 440 producit,
1466 379 1539 423 sed
1573 377 1804 424 duodecim
1847 394 1984 440 eaque

463 449 508 484 ut
542 456 595 483 ex
628 439 728 484 actis
777 441 1045 497 apertissime
1094 451 1257 486 constat
1292 442 1437 486 omnia
1475 442 1517 484 in
1553 440 1693 484 lucen·
1741 439 1874 491 edita,
1914 451 1990 486 at-

456 516 541 559 que
578 500 735 544 idcireo
771 500 812 543 in
849 502 1098 544 processui..
1136 503 1242 546 velle
1277 519 1327 546 ea
1361 500 1632 560 compulsare
1678 499 1823 544 suisset
1869 517 1980 560 opus

459 577 631 619 prorsus
666 560 816 605 inutile
850 577 933 605 non
969 562 1060 607 sine
1095 562 1253 607 iactura
1291 564 1513 622 temporis,
1542 568 1581 603 cl
1609 562 1805 619 pergi-avi
1832 578 1983 609 causae

459 622 707 680 dispendio.

579 684 653 726 22.
691 683 835 741 Atque
871 683 937 726 hic
974 699 1056 727 non
1092 685 1174 728 crit
1207 686 1283 728 abs
1319 701 1362 728 re
1394 685 1606 729 adnotare
1642 681 1755 725 haud
1791 698 1884 726 csse
1908 700 1981 729 ve-

458 743 569 786 ritati
605 743 825 787 conforme
858 744 975 804 quod
1014 752 1129 788 tanta
1166 744 1320 789 fiducia
1357 744 1536 790 allii-mat
1561 745 1723 786 Censor
1748 751 1892 787 noster
1918 747 1978 789 vi-

456 803 614 847 delicet
648 803 761 848 dieta
797 804 993 849 historica
1027 804 1285 850 documenta
1322 823 1397 850 nec
1431 807 1559 851 l'uisse
1592 803 1766 847 collecta
1789 837 1799 854 ,
1840 821 1981 863 neque

456 864 647 908 exhibita
681 864 713 907 si
751 881 879 909 unam
916 864 1102 923 excipias
1137 867 1433 924 biographiam
1468 867 1525 911 ab
1561 864 1721 908 Eadem
1771 865 1855 908 Dei
1903 867 1982 913 Fa-

456 925 571 969 mula
607 926 662 969 de
695 941 740 968 se
775 927 1078 984 conscriptam,
1109 944 1206 971 nam
1230 928 1421 972 exhibita
1446 942 1620 988 quoque
1644 933 1706 969 est
1730 924 1862 970 altera
1887 925 1982 972 hio-

454 986 631 1045 graphia
666 1003 689 1029 a
726 988 772 1030 P.
811 988 876 1030 De
909 988 1170 1031 Cliarlevoix
1204 997 1393 1040 exarata,
1432 998 1472 1032 et
1510 1003 1625 1031 anno
1662 985 1891 1030 millesimo
1915 1005 1980 1033 se·

453 1046 792 1105 ptingentesiino
829 1048 1031 1092 vicesimo
1064 1057 1234 1107 (piarto,
1276 1049 1385 1094 idest
1418 1058 1515 1108 post
1538 1048 1645 1091 duos
1668 1055 1709 1090 et
1732 1047 1981 1107 quinquan-

453 1108 569 1165 ginta
605 1123 739 1151 annos
774 1125 797 1151 a
833 1108 984 1152 sunere
1016 1110 1174 1153 Servae
1209 1110 1288 1153 l)ci
1326 1109 1366 1154 in
1402 1110 1540 1154 lucem
1576 1107 1719 1158 edita;
1769 1123 1847 1152 nec
1890 1124 1976 1154 non

452 1168 620 1211 litterae
653 1170 707 1212 al)
744 1169 901 1213 Eadem
938 1171 1070 1214 Serva
1106 1170 1187 1213 Dei
1222 1173 1379 1216 Sorore
1413 1171 1543 1214 Maria
1589 1169 1644 1211 ab
1678 1169 1978 1215 incarnatione

451 1229 748 1286 conscriptae,
797 1237 839 1272 et
888 1232 944 1274 ab
980 1231 1076 1275 Eius
1110 1231 1197 1274 lilio
1238 1248 1350 1275 anno
1388 1231 1614 1276 millesimo
1664 1230 1977 1275 sexcentesimo

451 1290 714 1347 octogesimo
751 1291 910 1348 publici
937 1292 1038 1334 iuris
1064 1292 1198 1335 sactae
1232 1308 1415 1351 quarum
1453 1291 1664 1336 editiones
1701 1297 1781 1333 tres
1806 1291 1847 1333 in
1873 1307 1979 1348 spa-

452 1351 508 1393 tio
542 1350 790 1408 quindecim
827 1351 1055 1396 dumtaxat
1088 1368 1302 1396 annorum
1328 1353 1369 1396 in
1393 1354 1532 1398 lucem
1559 1350 1831 1409 prodierunt.
1854 1352 1976 1407 Quae

450 1410 642 1469 prolecto
678 1411 844 1456 litterae
879 1413 1111 1457 maximam
1147 1414 1399 1465 sanctitatis,
1437 1424 1479 1458 et
1517 1410 1722 1471 spiritalis
1768 1412 1974 1457 scientiae

448 1473 608 1517 Servae
645 1473 722 1515 Dei
756 1472 1009 1531 opinionem
1044 1483 1307 1532 pepererunt
1344 1475 1401 1518 uti
1438 1482 1553 1532 patet
1589 1488 1641 1516 ex
1675 1471 1777 1515 dici
1812 1474 1866 1516 ΙΙΙ
1893 1474 1974 1518 Te-

447 1533 517 1577 stis
555 1533 697 1577 verbis
731 1550 843 1593 quae
879 1535 932 1579 ita
965 1551 1010 1579 se
1044 1536 1222 1579 liabent:
1254 1556 1269 1575 ι
1301 1536 1359 1579 Le
1392 1535 1546 1579 lettere
1579 1533 1694 1577 della
1728 1534 1872 1577 madre
1893 1536 1975 1579 Ma-

452 1614 469 1633 »
498 1593 558 1637 ria
592 1594 690 1637 dell'
714 1596 1013 1639 tnearnazione
1035 1620 1062 1629 -
1087 1597 1272 1640 Volume
1316 1596 1358 1638 in
1406 1603 1562 1654 quarto
1605 1594 1651 1637 di
1697 1594 1850 1653 pagine
1885 1597 1975 1640 780

453 1675 468 1693 1·
496 1655 746 1712 pubblieate
780 1656 852 1699 dal
887 1672 964 1700 suo
999 1656 1118 1714 figlio
1155 1657 1373 1700 nell'anno
1409 1656 1528 1699 mille
1547 1655 1737 1698 seicento
1771 1663 1969 1708 olianta,

450 1736 466 1753 »
494 1714 610 1759 delle
645 1717 760 1775 quali
795 1717 949 1760 surono
985 1717 1085 1761 l'atte
1121 1726 1184 1760 tre
1217 1717 1402 1761 edizioni
1438 1717 1480 1760 in
1514 1714 1707 1775 quindici
1741 1717 1869 1769 anni,
1909 1717 1973 1761 fu-

452 1796 467 1814 »
497 1792 603 1820 rono
637 1786 875 1835 approvato
908 1778 964 1822 da
998 1780 1045 1821 F.
1083 1780 1241 1822 Canius
1264 1778 1479 1822 elliamato
1504 1778 1560 1821 da
1586 1778 1764 1820 Bossuet
1788 1793 1875 1820 uno
1899 1778 1972 1822 dei

449 1857 465 1875 ι
494 1837 570 1895 piu
604 1838 763 1882 celebri
801 1840 931 1883 nostri
967 1839 1153 1883 Dottori.
1192 1839 1223 1881 ll
1257 1838 1427 1883 celebre
1461 1841 1642 1882 Dottore
1677 1837 1798 1881 dice:
1825 1839 1906 1882 ohe
1929 1838 1969 1883 la

449 1917 465 1937 »
494 1899 755 1943 Venerabile
788 1900 934 1944 Madre
975 1901 1104 1945 Maria
1154 1900 1253 1943 dell’
1275 1899 1578 1944 lucan-nazione
1611 1899 1645 1942 si
1679 1898 1703 1941 ὸ
1738 1899 1973 1956 acquistata

448 1978 464 1997 n
495 1959 522 2003 il
558 1959 785 2018 privilegio
819 1960 916 2005 dell’
938 1961 1224 2004 Immortalita
1257 1961 1335 2004 che
1369 1962 1392 2004 ὲ
1428 1976 1483 2004 un
1519 1959 1633 2002 dono
1668 1959 1845 2017 proprio
1894 1960 1965 2004 dei

448 2040 463 2057 n
493 2021 798 2074 predestinati,
837 2037 923 2065 non
958 2023 1048 2066 solo
1082 2037 1161 2080 per
1195 2021 1233 2066 la
1256 2037 1333 2065 sua
1356 2020 1666 2066 straordinaria
1690 2020 1820 2078 pieta,
1845 2036 1869 2064 e
1892 2036 1971 2079 per

448 2100 464 2119 ι
493 2081 532 2124 la
565 2098 641 2125 sua
679 2082 837 2126 unione
870 2098 950 2126 con
986 2083 1084 2134 Dio,
1122 2083 1200 2126 che
1234 2098 1320 2126 non
1357 2097 1610 2126 cesseranno
1646 2083 1733 2124 mai
1756 2081 1799 2125 di
1824 2097 1969 2126 essere

448 2160 464 2179 »
492 2141 537 2186 di
574 2158 630 2185 un
665 2144 831 2201 grande
864 2145 1072 2202 esempio,
1111 2159 1134 2187 e
1169 2143 1212 2187 di
1246 2159 1305 2187 un
1330 2142 1606 2187 ammirabile
1640 2141 1921 2186 edificazione
1945 2159 1968 2188 a

447 2223 462 2239 ιι
493 2210 602 2246 tutto
638 2204 664 2246 il
699 2221 775 2248 suo
810 2204 994 2255 ordine,
1035 2221 1104 2248 ma
1138 2205 1279 2248 altresi
1314 2219 1392 2261 per
1424 2204 1462 2247 le
1498 2219 1572 2247 sue
1607 2203 1807 2247 massime
1851 2203 1968 2247 emi-

447 2282 463 2300 »
492 2272 770 2309 nentemente
805 2266 1081 2323 evangeliche
1116 2282 1139 2309 e
1173 2266 1377 2309 cristiane
1402 2264 1486 2325 (4).
1522 2285 1537 2303 ιι
1577 2263 1663 2308 Sed
1687 2272 1726 2307 e!
1754 2264 1966 2310 incassum

441 2323 626 2381 exigitur
660 2342 683 2369 a
715 2326 902 2370 Censore
937 2334 1083 2370 nostro
1120 2325 1484 2384 praestantissimo
1520 2325 1638 2384 quod
1662 2324 1861 2368 historica
1886 2325 1966 2369 do-

439 2394 639 2428 cumenta
673 2387 813 2446 colligi
856 2387 1009 2431 sedulo
1042 2388 1294 2431 debuissent
1335 2395 1378 2429 et
1412 2386 1607 2430 exhiberi
1653 2386 1711 2430 ad
1753 2386 1967 2430 subsidia-

441 2446 547 2489 riam
585 2448 889 2504 probationem
925 2448 1289 2493 coadiuvandam.
1335 2448 1442 2491 Nam
1478 2447 1521 2492 id
1556 2446 1713 2505 exequi
1747 2447 1965 2491 maximae

438 2505 698 2551 difficultatis
733 2509 959 2560 extitisset,
998 2518 1038 2553 et
1073 2512 1295 2553 processus
1331 2509 1372 2551 in
1408 2508 1671 2552 immensum
1706 2508 1965 2551 excrevisset

441 2568 475 2610 si
520 2569 674 2612 eadem
720 2570 868 2614 omnia
903 2582 944 2614 et
977 2570 1144 2629 singula
1180 2570 1220 2613 in
1255 2571 1394 2627 Ipsam
1435 2567 1745 2628 compulsanda
1778 2567 1962 2612 fuissent

437 2636 479 2671 et
501 2644 551 2671 eo
574 2630 643 2673 vel
680 2631 814 2689 magis
849 2632 1172 2677 incommodum
1206 2639 1388 2674 creasset
1421 2631 1453 2673 si
1489 2647 1539 2675 ea
1571 2645 1594 2673 e
1626 2628 1868 2674 Canadensi
1897 2645 1963 2673 re-

434 2689 560 2746 gione
596 2691 650 2735 ad
685 2708 761 2736 nos
794 2693 1060 2751 asportanda
1093 2693 1288 2736 fuissent.
1315 2691 1444 2747 Quod
1469 2690 1612 2736 nescio
1638 2691 1829 2748 profecto
1853 2706 1962 2749 qua-

436 2765 534 2794 nam
574 2753 736 2796 ratione
769 2753 942 2811 exigere
977 2754 1109 2812 possit
1143 2752 1485 2797 Animadversor
1519 2752 1706 2796 eximius
1739 2766 1874 2810 quem
1903 2750 1964 2795 la-

439 2819 525 2855 tere
560 2822 677 2857 certo
711 2830 796 2858 non
833 2824 973 2873 potest
1006 2822 1167 2874 quanta
1203 2813 1437 2873 aequitate,
1473 2822 1518 2857 et
1552 2813 1693 2858 dicam
1729 2812 1856 2857 etiam
1881 2813 1961 2856 be—

568 2933 635 2994 (4)
668 2936 821 2980 Stcmm.
855 2953 958 2996 paq.
997 2937 1083 2980 457
1118 2936 1146 2997 S
1180 2937 1254 2988 35,
1293 2936 1367 2979 36.
