2680 3600
762 217 821 261 54

642 292 716 336 99.
755 292 881 348 Quod
918 309 1045 351 porro
1078 292 1295 350 singulare
1316 325 1325 343 ,
1363 300 1496 350 atque
1530 291 1740 335 eximium
1764 291 1969 335 orationis
1992 290 2200 343 studium,
2223 299 2267 335 et

647 1261 752 1305 ¹109.

650 2477 757 2521 101.

772 368 1014 414 numquam
1050 352 1339 395 intermissum
1375 352 1624 396 exercitium
1675 351 1854 396 abunde
1887 368 1910 395 a
1946 353 2039 395 Deo
2084 351 2269 396 ditatum

772 414 974 473 apparuit
1008 413 1143 456 multa
1188 413 1397 471 detegens
1439 414 1600 457 Sei-vae
1634 413 1715 456 Dei
1751 413 1965 456 humanae
2009 412 2190 463 rationi,
2229 421 2273 456 et

774 483 912 518 creato
947 473 1179 517 intellectui
1223 473 1466 532 impervia,
1507 482 1634 533 atque
1678 474 1807 517 etiam
1841 472 2030 517 mirabili
2078 482 2272 517 extasum

773 536 904 587 dono.
942 536 1003 577 lta
1038 534 1152 578 enim
1188 534 1302 579 dict-a
1336 535 1473 578 Testis·
1506 536 1546 577 X
1580 535 1854 595 prosequitur
1903 549 2023 577 suam
2059 535 2271 578 narratio-

774 610 889 638 nem.
934 615 949 632 «
974 596 1019 638 lo
1052 610 1249 653 neppurc
1295 610 1508 639 enumero
1542 595 1553 637 i
1587 596 1723 646 lumi,
1761 612 1783 638 e
1816 594 1856 638 ie
1890 594 2030 652 grazie
2080 594 2118 637 ie
2149 594 2267 653 quali

777 675 793 693 ι
823 654 945 699 tddio
994 656 1202 713 aggiunse
1236 672 1258 698 a
1292 664 1403 699 tutte
1434 656 1576 715 quelle
1609 657 1686 700 che
1726 656 1846 700 dessa
1888 670 2020 699 aveva
2063 655 2131 713 gia
2165 656 2270 698 rice-

782 736 797 753 »
828 724 941 760 vute.
979 716 1172 760 L'anima
1206 732 1283 759 sua
1320 718 1534 761 trovavasi
1568 732 1689 760 come
1712 717 1846 775 rapita
1871 718 1912 760 in
1937 716 2138 760 continua
2165 724 2273 760 esta-

782 795 798 814 ·
825 777 875 827 si,
898 777 1117 821 lasciando
1151 777 1241 820 soto
1275 777 1303 821 il
1339 794 1470 836 corpo
1493 795 1516 822 a
1540 786 1757 822 sostenen:
1791 777 1817 820 ἰΙ
1855 793 1956 835 peso
1989 776 2104 821 detta
2128 776 2269 821 t'atica.

781 856 795 875 ι
825 839 987 893 Questo
1019 838 1154 881 ssorzo
1202 838 1280 881 che
1313 838 1459 882 saceva
1495 839 1523 882 il
1556 855 1631 882 suo
1678 838 1827 897 spirito
1848 871 1858 888 ,
1897 837 2009 881 onde
2051 837 2212 881 servire
2247 836 2273 879 it

784 917 800 935 ι
828 914 903 942 suo
936 914 1078 957 sposo,
1106 898 1249 943 faceva
1284 899 1448 942 soss'rire
1485 915 1568 943 una
1601 900 1746 958 spe-cie
1779 899 1821 942 di
1856 898 2009 956 agonia
2042 898 2124 941 alla
2149 906 2271 955 parte

782 978 797 995 »
828 959 1057 1010 inferiore,
1096 959 1122 1002 it
1158 974 1235 1002 suo
1268 975 1398 1017 corpo
1431 960 1656 1019 deperiva.
1711 960 1798 1004 Etta
1833 975 1889 1003 ne
1933 959 2047 1002 ebbe
2082 958 2216 1002 anche
2249 974 2273 1001 a

779 1038 795 1057 ι
823 1019 986 1063 soss‘rire
1022 1035 1104 1063 una
1127 1020 1320 1064 maiattia
1356 1021 1393 1063 ia
1416 1022 1545 1079 quale
1579 1022 1590 1064 i
1624 1021 1782 1065 medici
1818 1036 1905 1064 non
1938 1019 2090 1063 surono
2114 1018 2156 1063 in
2182 1035 2277 1078 gra-

778 1098 794 1118 »
823 1079 879 1123 do
912 1079 956 1124 di
992 1088 1114 1139 poter
1148 1081 1338 1138 guarire,
1375 1081 1658 1126 dichiarando
1681 1083 1761 1126 che
1783 1097 1867 1125 non
1894 1079 2274 1139 comprendevano

776 1159 791 1177 »
820 1139 967 1184 ass'atto
1004 1157 1060 1184 un
1097 1142 1152 1185 tai
1189 1142 1347 1186 maie.»
1388 1142 1443 1186 Mi
1480 1151 1656 1186 trovavo
1692 1158 1749 1185 un
1785 1158 1890 1199 poco
1923 1142 2144 1192 soilevata,
2182 1140 2273 1184 Ella
2331 1137 2336 1142 ’

775 1221 790 1238 ³
819 1200 929 1253 dice,
969 1202 1191 1246 mediante
1226 1204 1267 1247 la
1300 1203 1431 1246 Santa
1463 1204 1783 1247 comunione.-

790 1262 916 1318 Quod
939 1263 1264 1321 supernaturale
1297 1262 1450 1306 extasis
1473 1263 1638 1307 donum
1663 1263 1760 1307 licet
1782 1279 1834 1306 ex
1868 1279 1914 1306 se
1940 1262 2102 1312 virtuti,
2130 1278 2153 1305 a
2186 1277 2272 1305 mc-

774 1322 856 1365 rito
890 1338 982 1366 esse
1016 1339 1100 1366 non
1136 1324 1270 1382 possit
1302 1339 1400 1367 cuin
1434 1324 1488 1367 sit
1520 1325 1649 1383 gratis
1684 1324 1831 1368 datum
1855 1359 1864 1375 ,
1903 1332 1944 1367 et
1979 1339 2062 1366 non
2097 1331 2270 1381 gratum

771 1383 944 1434 faciens,
966 1392 1155 1427 attamen
1179 1384 1213 1427 si
1237 1384 1528 1429 consociatum
1563 1385 1616 1428 sit
1638 1401 1736 1429 cum
1761 1385 1926 1429 fervida
1949 1384 2155 1429 charitate
2173 1383 2267 1426 nul-

770 1443 859 1486 lum
892 1445 963 1488 vel
997 1445 1228 1488 minimum
1264 1453 1399 1503 potest
1435 1461 1528 1489 esse
1560 1445 1743 1490 dubium
1780 1445 1899 1506 quod
1934 1444 2231 1489 excellentiam
2258 1477 2268 1494 ‚

767 1512 812 1548 et
845 1504 1146 1550 heroicitatem
1180 1506 1323 1550 dictae
1354 1507 1574 1551 charitatis
1606 1508 1748 1551 valeat
1782 1507 2081 1550 demonstrare
2115 1521 2168 1549 ex
2200 1505 2279 1549 do-

768 1565 905 1609 ctrina
952 1567 998 1611 S.
1036 1566 1233 1625 Dionysii
1283 1567 1359 1625 qui
1394 1567 1435 1610 in
1472 1567 1552 1611 lib.
1589 1569 1644 1612 de
1686 1567 1834 1610 Divin.
1878 1567 2047 1611 nomin.
2100 1568 2206 1624 Cap.
2244 1567 2272 1609 4

769 1634 917 1684 aperte
949 1626 1056 1672 dicit
1088 1627 1208 1686 quod
1230 1652 1258 1659 -
1280 1627 1459 1672 Estasim
1495 1628 1595 1672 facit
1618 1629 1770 1672 Amor.
1795 1629 1891 1671 -In
1937 1643 2066 1686 quam
2107 1635 2276 1671 senten-

769 1687 873 1730 tiam
910 1688 1178 1732 conveniunt
1217 1687 1482 1732 unanimiter
1505 1691 1710 1733 Doctores
1735 1689 1845 1733 inter
1866 1704 1976 1748 quos
1998 1687 2222 1733 Cornelius
2247 1704 2270 1731 a

770 1747 935 1807 Lapide
969 1749 1013 1794 in
1047 1749 1180 1807 Epist.
1208 1749 1262 1793 ad
1286 1749 1478 1793 Galatas.
1514 1750 1724 1795 Schaccus
1747 1750 1802 1794 de
1824 1750 1937 1794 notis
1960 1757 2003 1793 ct
2023 1749 2154 1808 signis
2170 1750 2277 1795 San-

769 1808 862 1853 ctit.
899 1810 997 1855 lect.
1036 1811 1065 1854 8
1098 1826 1194 1869 cap.
1232 1812 1260 1854 3
1294 1810 1424 1855 Card.
1461 1812 1745 1856 De-Lauraea
1781 1811 1821 1854 in
1846 1813 1873 1855 3
1898 1818 2085 1855 sentent.
2114 1818 2220 1853 tom.
2247 1811 2277 1853 2

772 1868 884 1928 disp.
923 1872 997 1923 32,
1037 1879 1166 1930 atque
1202 1880 1247 1915 ut
1279 1871 1383 1916 atios
1417 1872 1614 1917 omittam
1647 1872 1937 1917 communiter
1960 1872 2004 1916 S.
2028 1873 2165 1915 Rotae
2192 1872 2277 1915 Ro-

769 1944 927 1975 manae
967 1931 1202 1976 Auditores
1246 1932 1289 1975 in
1333 1932 1533 1991 piurimis
1577 1935 1814 1978 Causarum
1861 1932 2177 1978 Relationibus.
2213 1933 2275 1975 lta

769 2006 871 2035 vero
903 2007 948 2035 se
972 2008 1041 2036 res
1063 1993 1210 2043 habet,
1237 1993 1338 2052 quia
1362 1994 1424 2037 uti
1447 1994 1757 2039 animadvertit
1778 1995 1907 2039 Card.
1936 1996 2055 2037 Bona
2079 1993 2121 2036 in
2146 2007 2277 2052 opere

768 2052 824 2096 de
858 2053 1033 2098 discret.
1060 2054 1202 2112 spirit.
1244 2069 1338 2112 cap.
1378 2055 1436 2097 44
1458 2070 1583 2099 num.
1609 2056 1653 2099 4.
1678 2080 1707 2087 -
1728 2056 1838 2099 Cum
1860 2055 1914 2098 sit
1937 2056 2054 2097 Deus
2094 2054 2278 2098 immen-

768 2128 840 2157 sae
873 2115 1105 2165 bonitatis,
1142 2122 1185 2158 et
1220 2114 1554 2172 pulchritudinis
1592 2116 1722 2160 trahit
1755 2115 2023 2159 voluntatem
2058 2115 2114 2158 ad
2154 2130 2275 2158 amo-

769 2188 860 2218 rem
895 2176 975 2227 sui,
1013 2175 1389 2234 quemadmodum
1422 2192 1522 2220 acus
1556 2186 1669 2221 tactu
1704 2176 1933 2235 magnetis,
1954 2176 2104 2227 vitam,
2143 2184 2188 2219 ut
2217 2176 2274 2219 ita

770 2233 911 2279 dicam
932 2269 942 2287 ,
980 2252 1030 2281 ac
1062 2251 1236 2280 sensum
1282 2237 1443 2294 adepta
1465 2271 1474 2288 ,
1513 2238 1596 2281 huc
1629 2237 1729 2281 illuc
1775 2237 2127 2282 circumvolvitur
2148 2270 2158 2288 ‚
2197 2252 2275 2281 nec

768 2296 948 2354 quiescit
965 2298 1106 2342 donec
1128 2297 1182 2341 ad
1210 2297 1362 2355 polum
1381 2313 1426 2341 se
1448 2307 1684 2350 convertat;
1724 2298 1781 2341 ita
1805 2298 1949 2341 anima
1983 2298 2129 2341 Divini
2156 2313 2274 2342 amo-

768 2357 825 2400 ris
859 2366 1056 2402 contactu
1079 2374 1103 2401 a
1128 2358 1312 2402 vinculis
1344 2359 1483 2403 carnis
1510 2360 1665 2410 soluta,
1703 2367 1746 2403 et
1769 2375 1793 2402 a
1825 2374 2028 2403 sensuum
2062 2374 2273 2402 commer-

769 2418 835 2461 cio
870 2419 1007 2464 libera
1040 2434 1208 2463 sursum
1241 2418 1410 2478 rapitur
1441 2419 1496 2464 ad
1530 2420 1735 2465 unionem
1760 2435 1857 2464 cum
1879 2420 2061 2465 Summo
2084 2421 2223 2463 Bono.
2242 2444 2271 2452 -

794 2480 924 2535 Quod
957 2480 991 2525 si
1028 2488 1171 2526 tantus
1204 2479 1345 2525 extitit
1377 2480 1521 2525 servor
1553 2497 1651 2525 cum
1686 2480 1830 2525 studio
1869 2490 1910 2525 et
1944 2481 2078 2525 extasi
2113 2480 2274 2526 Ser-fae

769 2540 852 2584 Dei
886 2556 987 2585 cum
1021 2541 1202 2587 orationi
1240 2549 1439 2595 vacaret,
1476 2551 1519 2586 et
1552 2542 1809 2587 Divinarum
1833 2542 2148 2587 Perfectionum
2173 2557 2273 2586 con-

772 2602 1044 2661 templationi
1066 2637 1076 2655 ‚
1115 2619 1199 2647 non
1237 2603 1395 2655 minor,
1433 2603 1520 2647 imo
1553 2603 1744 2662 profecto
1780 2603 1918 2649 maior
1948 2602 2152 2662 apparuit
2174 2618 2271 2647 cum

769 2662 826 2707 ad
860 2663 1193 2709 Eucharisticam
1244 2678 1437 2710 mensam
1485 2665 1581 2723 lpsa
1623 2665 1874 2710 accedebat.
1927 2666 1976 2709 Et
2015 2680 2061 2708 re
2093 2663 2272 2723 quidem

770 2739 874 2768 vera
909 2734 997 2769 tam
1031 2726 1141 2770 mira
1176 2725 1340 2770 Eadem
1364 2727 1406 2770 in
1440 2741 1484 2770 se
1517 2735 1696 2786 experta
1730 2735 1793 2770 est
1829 2742 1881 2771 ex
1915 2726 1993 2771 hac
2027 2741 2175 2770 mensa
2212 2724 2276 2770 di-

772 2786 892 2838 vina,
930 2795 976 2830 ut
1008 2787 1191 2847 singulis
1222 2787 1355 2831 etiam
1389 2787 1521 2839 horis,
1560 2796 1603 2832 et
1627 2787 1855 2832 momentis
1878 2789 1984 2832 Eam
2007 2802 2178 2831 sumere
2199 2787 2274 2831 de-

768 2846 1014 2893 siderasset.
1052 2850 1342 2908 Prosequatnr
1375 2848 1549 2907 saepius
1583 2857 1819 2893 memorata
1854 2849 1972 2893 testis
1995 2863 2116 2893 suam
2140 2847 2270 2907 depo-
