2632 3568
582 283 642 327 40

584 372 655 401 ros
698 355 955 401 mulieribus
1002 353 1261 399 commixtos
1295 353 1338 398 in
1377 353 1639 399 Monasterio
1677 354 1903 413 reciperet.
1951 359 2111 406 Memo-

586 425 683 462 rant
713 416 880 475 quippe
913 423 1006 460 acta
1035 436 1051 454 ι
1080 415 1120 459 la
1149 415 1346 474 quantita
1388 415 1433 460 di
1470 414 1634 458 nomini
1664 430 1688 458 e
1730 414 1776 460 di
1801 415 1977 463 donne:
2004 437 2106 480 que-

592 498 609 519 ·
646 477 702 522 sti
724 476 1012 521 dimoravano
1044 491 1189 534 spesso
1223 484 1349 520 enti-o
1374 476 1401 520 il
1426 483 1673 520 monastero
1702 495 1719 515 ι
1749 475 1903 535 (Sum.
1928 494 2027 539 pag.
2049 484 2108 529 53

586 537 735 598 337).
755 537 897 582 Aliter
919 552 1022 595 sane
1054 536 1276 596 agendum
1305 537 1548 582 suadebant
1582 536 1795 595 providae
1823 539 2033 587 Ecclesiae
2054 544 2109 589 de

585 598 799 645 Clausura
834 599 968 658 leges,
1007 599 1266 658 praesertim
1303 614 1406 642 vero
1442 598 1552 641 inter
1575 597 1684 641 adeo
1708 598 1937 656 sylvestres
1961 618 2111 649 carum

587 660 785 719 gentium
819 675 978 705 mores.
1013 658 1169 716 Quoad
1203 659 1526 704 oeconomicam
1563 673 1665 702 vero
1697 659 1994 718 prudentiam,
2032 666 2110 711 hoc

587 735 726 766 unum
765 720 994 766 adnotasse
1017 720 1118 772 erit,
1140 722 1207 765 vel
1230 721 1369 779 ipsam
1409 722 1491 764 Dei
1524 720 1751 764 Famulam
1785 736 1899 774 suast,
1926 739 2004 768 ceu
2038 727 2111 771 ni..

586 782 669 827 mis
700 781 921 842 prodigas,
948 781 1196 841 largitiones
1241 782 1456 825 incusasse
1485 802 1500 819 ο
1525 781 1638 825 disse
1671 781 1884 834 cziandio,
1916 785 1995 829 che
2026 789 2109 833 ella

594 863 612 884 ι
637 844 681 887 in
706 844 772 888 cio
795 844 1003 888 commise
1026 843 1166 886 alcuni
1189 841 1342 902 grandi
1367 841 1521 886 eccessi
1547 861 1564 882 ι
1587 840 1727 901 (Sum.
1745 858 1845 901 pag.
1861 845 1921 888 9⁶).
1943 846 1988 907 g.
2009 848 2074 908 2).

715 905 788 948 ¹¹9.
826 905 938 949 Cum
971 903 1028 948 de
1066 902 1278 961 signanda
1300 903 1431 947 modo
1468 902 1786 947 commissione
1820 913 1986 963 agatur,
2024 925 2108 954 non

588 972 737 1009 autem
771 964 826 1009 de
860 964 1093 1009 virtutibus
1116 964 1299 1008 heroicis
1323 964 1515 1009 severius
1548 963 1858 1017 diiudicandis,
1885 967 1965 1012 alia
1999 985 2109 1028 quae

588 1025 693 1070 addi
738 1033 928 1084 possent,
969 1025 1166 1070 consulto
1209 1026 1568 1084 praetermittam.
1622 1026 1933 1084 lnquirendum
1965 1038 2108 1076 tamen

587 1094 714 1138 esset,
742 1087 860 1131 iuxta
885 1086 1049 1131 Urbani
1074 1087 1185 1130 Vlll.
1213 1088 1411 1137 Decreta,
1433 1086 1489 1130 (lo
1511 1087 1635 1130 obitu
1661 1086 1793 1144 ipsius
1826 1088 1986 1133 Servae
2010 1093 2106 1144 Dei,

589 1163 644 1192 an
670 1148 798 1192 suerit
821 1148 982 1192 scilicet
1003 1148 1277 1191 sanctimonia
1308 1156 1486 1192 notatus.
1508 1148 1564 1192 At
1599 1148 1756 1191 frustra
1796 1148 1899 1193 haec
1933 1151 1975 1193 in
2009 1153 2110 1199 acti·

587 1224 790 1267 quaeras.
825 1209 1060 1255 Summarii
1085 1208 1293 1266 pervolve
1318 1209 1515 1253 tabulas:
1542 1209 1575 1252 si
1600 1224 1761 1253 annum
1780 1225 1830 1253 ac
1852 1209 1969 1255 diem
1997 1228 2108 1257 mor-

589 1269 643 1314 tis
677 1270 882 1329 excipias,
924 1271 996 1314 vix
1035 1269 1264 1329 quidpiam
1306 1279 1436 1314 testes
1471 1269 1526 1313 de
1567 1272 1613 1315 S.
1651 1271 1706 1313 D.
1747 1270 1869 1314 obitu
1904 1272 2103 1320 innuunt.

585 1330 781 1390 Reliquis
813 1331 1045 1375 silentibus
1079 1346 1190 1375 unus
1223 1339 1289 1375 cst
1323 1332 1440 1375 testis
1474 1333 1515 1374 X
1541 1330 1740 1390 (Summ.
1761 1347 1859 1390 pag.
1889 1334 2011 1394 450)
2035 1336 2108 1395 qui

587 1391 753 1451 aliquid
787 1392 1055 1437 enucleatius
1091 1392 1285 1451 exponit.
1321 1393 1505 1437 Causam
1533 1401 1677 1437 tamen
1714 1394 1806 1437 cius
1838 1394 2044 1440 scientiae
2076 1397 2110 1441 si

592 1469 789 1511 quaeras,
816 1469 867 1498 ea
901 1453 981 1499 alia
1016 1469 1102 1497 non
1138 1462 1218 1504 est,
1256 1469 1387 1512 quam
1429 1454 1518 1513 ipsa
1554 1454 1680 1498 lectio
1724 1453 1926 1499 historiae
1966 1474 1989 1501 a
2024 1457 2110 1502 lilio

589 1514 751 1559 Sorvae
784 1515 867 1559 Dei
906 1515 1017 1575 typis
1053 1513 1213 1559 editae.
1249 1515 1319 1559 Ah
1353 1530 1404 1557 eo
1438 1515 1598 1559 scilicet
1637 1515 1711 1574 qui
1755 1516 1798 1560 in
1834 1516 1976 1563 Gallia
2015 1519 2111 1564 scri-

589 1575 689 1634 psit,
729 1592 841 1635 quae
864 1575 908 1620 in
931 1575 1172 1621 Canadensi
1202 1576 1378 1635 regione
1401 1576 1718 1634 contingerant.

710 1638 832 1694 Quae
865 1637 978 1682 dicta
1010 1637 1096 1681 sint
1127 1637 1210 1681 sul)
1243 1652 1440 1689 censura,
1478 1637 1595 1682 salvo
1630 1647 1711 1682 etc.

1057 1817 1380 1871 Laurentius
1421 1818 1632 1870 Salvatz‘
1663 1818 1717 1869 S.
1752 1820 1809 1872 C.
1838 1821 1966 1873 Adv.

1219 1888 1276 1940 S.
1305 1888 1458 1940 Fidei
1489 1890 1785 1942 Promocor.
