2632 3600
779 261 839 304 22

776 334 929 377 habia.
963 333 1101 382 Fidei,
1139 340 1180 375 et.
1213 332 1390 389 quidem
1426 332 1610 383 heroico,
1644 347 1832 391 quanam
1868 331 2032 374 ratione
2055 338 2273 389 praestare

779 395 913 439 Serva
940 395 1017 437 Dei
1053 393 1296 450 potuisset?
1320 393 1372 435 Ut
1396 393 1509 435 enim
1546 392 1698 435 merito
1733 392 2039 435 animadvertit
2060 391 2267 435 Scacchus

779 454 836 498 de
870 454 1004 503 Notis,
1043 461 1081 495 et
1120 452 1261 510 Signis
1299 453 1477 496 Sanctit.
1514 455 1629 498 Sect.
1661 453 1703 495 3.
1751 453 1855 509 Cap.
1879 453 1920 494 1.
1960 476 1988 484 -
2019 452 2089 495 ΑΙ)
2116 451 2265 497 habitu

782 513 905 557 Fidei
939 512 1133 571 procedit
1168 513 1209 555 in
1248 514 1325 556 l)ci
1359 513 1549 556 Faunulis
1583 513 1824 556 sollicitudo
1856 511 2158 555 Conversionis
2183 511 2276 555 inli-

786 573 950 617 delium
984 572 1038 616 ad
1073 573 1356 617 Christ-inmun
1392 574 1559 624 Fidem,
1599 573 1880 617 hereticorum
1914 572 1968 616 ad
2008 571 2272 616 Catholicam

782 633 1072 688 Religionem.
1094 658 1122 665 -
1155 635 1204 676 Et
1228 634 1472 677 huiusmodi
1500 634 1660 691 panitur
1681 640 1939 691 argumento
1962 634 2005 677 S.
2033 633 2167 676 Rotae
2190 634 2273 676 110-

780 707 938 735 manae
972 693 1202 737 Auditores
1238 694 1299 736 usi
1336 694 1508 737 suerunt
1543 694 1584 736 in
1618 694 1797 737 diversis
1829 692 2128 738 Relationibus
2161 694 2271 736 Cau-

783 768 928 796 sarum
965 754 1355 804 Beatilicationum‚
1392 762 1434 797 et
1456 754 1852 805 Canonizationum,
1881 763 1922 797 et
1947 752 2196 811 praesertim
2233 753 2272 795 in

782 814 1006 857 Relatione
1041 816 1202 858 Causae
1235 814 1278 857 S.
1316 814 1562 857 Theresiae.
1599 813 1726 869 Quod
1761 815 1794 856 si
1826 830 1923 857 eum
1958 813 2046 856 zelo
2079 821 2123 856 et
2165 812 2277 855 solli-

783 873 972 917 citudine
1005 874 1295 917 convertionis
1330 873 1589 925 infidelium,
1618 882 1659 916 ct
1682 874 1968 917 hereticorum
1992 874 2276 929 coniungatur

785 934 1132 977 ardentissimum
1167 934 1345 977 martirii
1372 951 1447 992 pro
1470 935 1577 977 Fide
1594 934 1751 978 Christi
1775 933 1990 977 dilatanda
2027 933 2274 992 perferendi

783 993 1047 1037 desiderium
1081 1003 1123 1037 et
1158 994 1290 1037 etiam
1330 995 1639 1038 l'ervidissimae
1674 995 1751 1038 hac
1785 995 1839 1038 de
1882 1010 2007 1038 causa
2047 993 2101 1037 ad
2134 995 2273 1037 Deum

785 1070 947 1112 preces,
985 1054 1061 1097 etsi
1096 1055 1173 1097 hoe
1202 1055 1405 1112 deinceps
1445 1057 1536 1098 Deo
1561 1057 1615 1099 ita
1646 1055 1903 1113 disponente
1934 1053 2048 1097 haud
2083 1054 2273 1098 veriliee·

786 1121 871 1163 ter,
922 1123 1109 1158 attamen
1150 1115 1224 1173 qui
1277 1116 1329 1159 ita
1369 1124 1431 1158 cst.
1466 1116 1611 1159 animo
1644 1124 1914 1172 comparatus
1955 1116 2084 1158 veluti
2119 1116 2276 1172 Mai-tyr

784 1175 938 1217 haberi
974 1175 1066 1218 iure
1099 1176 1252 1219 merito
1286 1176 1418 1219 debet
1452 1185 1493 1219 ut
1520 1176 1645 1219 docet
1668 1178 1711 1221 S.
1739 1176 1979 1234 Cyprianus
2010 1175 2049 1217 in
2082 1176 2193 1218 libro
2217 1175 2273 1218 de
2303 1218 2307 1222 ,

785 1234 946 1292 duplici
981 1237 1188 1293 martyrio
1224 1236 1279 1279 ad
1303 1238 1586 1279 Fortunatum
1622 1236 1684 1279 his
1719 1236 1861 1279 verbis
1892 1260 1920 1267 -
1943 1235 2039 1277 huie.
2072 1243 2270 1294 prompta

784 1295 984 1338 voluntas
1018 1312 1095 1353 pro
1131 1297 1337 1353 martyrio
1373 1304 1610 1353 reputatur,
1650 1298 1767 1339 Deus
1801 1297 1915 1339 enim
1953 1310 2034 1338 non
2079 1296 2278 1339 aestimat

786 1369 1049 1413 quemquam
1098 1372 1149 1398 cx
1183 1365 1340 1399 eventu
1376 1372 1516 1400 rerum
1539 1390 1548 1406 ,
1586 1357 1659 1400 sed
1693 1373 1745 1399 ex
1780 1357 1948 1400 aflectu.
1969 1380 1997 1388 -
2029 1356 2136 1399 llinc
2170 1356 2277 1400 duce

786 1416 884 1473 lpso
917 1417 1135 1473 Cypriane
1169 1419 1379 1460 Doctores
1421 1433 1571 1460 omnes
1605 1418 1741 1475 lpsam
1787 1417 1917 1460 animi
1952 1417 2278 1475 dispositionem

786 1475 842 1518 ad
876 1477 1182 1533 exponendum
1218 1492 1261 1519 se
1297 1477 1409 1520 vitae
1443 1478 1632 1536 periculo
1667 1494 1744 1535 pro
1768 1477 2043 1529 adstruenda,
2071 1477 2138 1520 vel
2178 1477 2279 1521 dila·
2324 1508 2326 1511 -
2426 1510 2453 1533 ἰ,

786 1535 912 1578 tanda
946 1537 1100 1580 Christi
1124 1537 1243 1588 Fide,
1273 1538 1488 1591 heroicam
1512 1539 1779 1582 contendunt
1801 1553 1981 1595 arguere
2004 1537 2171 1582 Fidem.
2199 1539 2278 1580 Pro

785 1595 989 1640 omnibus
1021 1596 1195 1641 sufficiat.
1220 1599 1509 1641 testimonium
1536 1598 1728 1656 proferre
1751 1598 1878 1643 Card.
1903 1601 1968 1641 De
1992 1601 2181 1642 Laui-aea
2205 1597 2279 1656 qui

784 1656 826 1699 in
862 1656 938 1699 lib.
966 1659 1031 1701 De
1067 1658 1210 1701 virtut.
1250 1658 1445 1709 heroicis,
1482 1659 1643 1717 disput.
1672 1660 1745 1702 32.
1785 1667 1864 1702 art.
1894 1660 1938 1701 9.
1974 1658 2077 1702 haec
2110 1659 2275 1702 scribit:

783 1740 811 1748 —
834 1717 877 1761 Si
919 1726 1064 1761 autem
1108 1735 1190 1761 non
1226 1720 1438 1762 accideret
1470 1735 1588 1763 casus
1632 1719 1911 1777 expositionis
1960 1719 2101 1770 vitae,
2140 1719 2278 1762 adhuc

785 1786 931 1821 autem
966 1778 1090 1822 firma
1124 1779 1258 1822 animi
1293 1780 1580 1838 praeparatio,
1619 1796 1665 1823 ae
1698 1780 1920 1837 dispositio
1953 1795 1998 1823 se
2032 1778 2277 1837 exponendi

784 1839 816 1881 si
852 1840 1015 1883 occasio
1050 1849 1238 1898 urgeret,
1259 1840 1409 1884 sullicit-
1433 1841 1485 1884 ad
1509 1840 1776 1898 arguendam
1810 1840 2023 1884 heroicam
2058 1840 2228 1884 Fidem.
2253 1864 2281 1871 —

784 1900 924 1954 Quam
957 1900 1196 1945 doctrinam
1231 1901 1460 1958 adprobat,
1498 1909 1540 1943 ct
1573 1901 1797 1944 confirmat
1831 1902 1939 1944 luris
1973 1902 2110 1945 Nostri
2135 1900 2279 1944 Mode-

788 1967 906 2002 rator
929 1961 1007 2003 lib.
1030 1963 1075 2003 3.
1098 1977 1194 2019 cap.
1219 1962 1296 2004 23.
1318 1977 1360 2005 n.
1381 1963 1409 2004 8
1428 1970 1469 2004 et⁴
1490 1963 1535 2004 9.

661 2018 737 2062 39.
772 2019 918 2062 Eluxit
950 2036 1125 2079 quoque
1158 2022 1316 2065 eximia
1351 2024 1509 2066 Servae
1544 2021 1627 2064 Dei
1661 2022 1790 2065 Fides
1826 2023 1866 2065 in
1901 2022 2170 2065 exactissima
2192 2055 2201 2072 ‚
2238 2029 2279 2064 et

786 2096 995 2139 perquam
1046 2082 1244 2139 diligenti
1289 2082 1387 2124 Eius
1420 2082 1703 2125 satisfactione
1737 2083 1897 2126 cunctis
1946 2081 2281 2140 obligationibus

787 2142 877 2183 sive
911 2142 1181 2198 generalibus
1216 2142 1305 2184 sive
1328 2142 1584 2199 specialibus
1608 2142 1809 2185 videlicet
1833 2142 2019 2201 propriis
2041 2143 2102 2185 sui
2128 2150 2276 2185 status.

787 2202 839 2244 Et
874 2217 919 2243 re
953 2216 1052 2244 sanc
1089 2218 1187 2245 vera
1223 2203 1264 2244 in
1300 2202 1572 2260 oumlruplici
1608 2203 1721 2245 vitae
1760 2211 1873 2246 statu
1908 2217 2081 2246 omnem
2108 2219 2282 2261 prorsus

786 2261 962 2305 navavit
995 2277 1188 2320 operam,
1226 2271 1270 2305 ct
1303 2263 1392 2305 sine
1428 2263 1747 2305 intermissione
1772 2264 1917 2320 sategit
1946 2263 2104 2306 adhoc
2138 2272 2184 2305 ut
2207 2263 2283 2305 Di-

788 2322 932 2365 vinam
968 2322 1009 2364 in
1045 2323 1247 2365 omnibus
1283 2323 1546 2366 voluntatem
1585 2323 1804 2380 impleret,
1829 2323 1959 2382 idque
1983 2323 2098 2366 lideli
2122 2332 2164 2366 ct
2187 2339 2282 2366 con-

784 2382 913 2426 stanti
963 2383 1263 2426 Mandatorum
1302 2383 1407 2433 Dei,
1446 2392 1486 2426 et
1520 2383 1731 2426 Ecclesiae
1764 2391 2096 2441 praeceptorum
2133 2384 2280 2426 obser-

789 2443 947 2486 vantia.
986 2445 1032 2486 ln
1069 2452 1177 2487 statu
1215 2460 1316 2487 vero
1350 2443 1564 2501 Religioso
1613 2443 1777 2486 nedum
1819 2444 2073 2502 Evangelica
2107 2444 2281 2487 consilia

783 2503 976 2563 perfecte
1009 2504 1256 2556 custodivit,
1295 2504 1369 2547 sed
1402 2513 1444 2547 et
1478 2505 1560 2547 alia
1597 2511 1692 2546 vota
1716 2505 1857 2547 emisit
1882 2521 2054 2562 prorsus
2077 2505 2213 2548 ardua
2234 2520 2282 2548 ac

783 2564 1062 2608 difficillimae
1080 2565 1344 2608 executionis
1363 2580 1478 2624 quae
1501 2572 1646 2608 tamen
1672 2566 1766 2622 lpsa
1790 2565 1844 2608 ad
1868 2566 2119 2623 scrupulum
2145 2581 2280 2625 usque

784 2625 988 2668 servavit.
1011 2626 1146 2668 Testis
1174 2627 1213 2668 X
1240 2626 1427 2684 (Summ.
1452 2641 1570 2668 num.
1595 2626 1666 2669 Vl.
1695 2641 1793 2683 pag.
1820 2627 1893 2668 63.
1922 2627 2019 2684 64.)
2061 2647 2075 2664 «ι
2101 2628 2160 2670 La
2192 2641 2282 2668 me-

788 2704 804 2726 »
832 2685 998 2729 desima
1023 2702 1108 2729 non
1131 2687 1163 2729 si
1184 2686 1332 2729 rilasso
1350 2685 1554 2745 giammai
1577 2685 1634 2728 da
1657 2694 1806 2744 questa
1829 2696 2015 2730 esti-ema
2040 2686 2279 2730 attenzione

788 2767 804 2785 ι»
833 2747 878 2790 di
912 2747 1173 2790 conservarsi
1209 2762 1286 2804 per
1319 2755 1481 2805 quanto
1516 2747 1624 2789 l'osse
1660 2747 1701 2789 in
1727 2747 1800 2790 Lei
1824 2755 1971 2790 esente
1993 2747 2062 2790 dai
2087 2746 2276 2791 menomi

788 2828 803 2846 ι
833 2808 1141 2851 mancamenti.
1179 2808 1260 2850 Del
1296 2816 1409 2850 resto
1443 2823 1488 2850 se
1512 2822 1564 2850 ne
1588 2807 1697 2850 vedc
1722 2823 1806 2851 una
1833 2823 1964 2865 prova
1989 2809 2057 2851 nel
2082 2816 2180 2852 voto
2202 2808 2278 2850 che

787 2888 803 2907 ι
834 2868 924 2912 Ella
958 2870 1093 2912 emise
1116 2867 1230 2912 della
1255 2868 1449 2926 maggior
1472 2868 1717 2926 persezione
1739 2869 1818 2912 che
1837 2870 1926 2913 Ella
1950 2868 2042 2913 lece
2066 2869 2279 2912 nell'anno
