2632 3552
1958 285 2006 329 Μ

500 362 592 406 eius
617 361 761 405 verbis
783 370 946 405 constat
979 359 1178 404 eamdem
1213 374 1386 418 quoqne
1410 358 1451 402 in
1475 358 1629 409 Gallia,
1648 357 1871 408 Hibernia,
1894 367 1937 402 et
1974 360 2015 403 in

493 423 587 467 aliis
621 422 847 466 Amerieae
882 422 1015 481 plagis
1040 421 1201 479 vigere.
1230 421 1337 477 Ergo
1361 420 1633 478 perspicuum
1653 426 1715 463 est
1738 435 1790 462 ex
1815 418 1878 462 his
1895 419 2015 478 quod

494 499 578 527 non
613 498 665 526 ex
702 499 784 527 una
819 483 932 525 vitae
965 481 1147 525 lectione
1180 482 1339 525 Servat·
1375 480 1472 531 Dei,
1508 480 1583 523 sed
1619 480 1749 523 etiam
1784 495 1836 523 ex
1874 480 2016 523 tradi-

492 544 606 588 tione
638 544 857 588 seniorum
893 541 1134 586 huiusmodi
1168 540 1414 586 Sanctitntis
1448 541 1594 599 opinio
1630 541 1670 583 in
1717 548 1861 584 mente
1899 540 2015 584 testis

494 610 701 662 concepta
734 612 812 648 est.

617 665 692 708 68.
729 664 814 708 Sed
849 663 950 707 dato
982 663 1110 707 etiam
1146 672 1189 706 et
1221 678 1306 705 non
1340 678 1538 706 concesso
1571 663 1687 721 quod
1723 678 1775 706 ex
1812 678 1896 706 una
1920 663 2015 707 bio-

492 725 704 786 graphiae
727 726 886 769 Sorvae
911 724 989 768 Dei
1013 723 1195 767 lectione
1231 723 1324 766 talis
1356 723 1601 768 Sanctitatis
1636 724 1783 782 opinio
1818 723 1858 766 in
1894 724 2018 767 dictis

494 787 675 830 testibus
708 793 798 829 orta
833 786 902 836 sit,
928 785 1030 844 quid
1068 784 1170 829 inde
1204 792 1345 843 posset
1379 800 1459 843 pro
1493 800 1536 828 re
1570 799 1646 827 sua
1685 783 1894 827 conticere
1928 785 2016 828 Ad-

492 846 706 891 versarius
740 845 1163 903 praestantissimus?
1214 844 1428 904 numquid
1481 843 1601 903 quod
1650 846 1781 888 Fama
1818 860 1900 887 non
1937 861 2019 887 ex-

493 907 621 950 titerit
647 940 656 957 ,
694 914 736 950 ct
783 906 1020 950 etiamnum
1072 922 1153 950 non
1207 906 1390 950 existat?
1424 906 1596 949 Minime
1629 905 1822 964 gentium
1858 905 2016 948 iactum

495 982 682 1025 namque
725 966 842 1025 quod
878 967 1034 1017 existit,
1075 967 1187 1010 nulla
1222 968 1436 1011 contraria
1471 967 1636 1011 ratione
1673 974 1806 1025 potest
1843 966 2012 1017 everti,

494 1045 542 1072 ac
566 1027 729 1072 destrui
753 1027 874 1070 iuxta
899 1027 1169 1071 notissimum
1207 1028 1311 1071 illud
1336 1037 1483 1072 contra
1507 1028 1666 1071 sactum
1693 1042 1777 1070 non
1807 1027 1918 1070 valet
1953 1043 2015 1070 ra·

494 1089 570 1132 tio.
609 1090 719 1145 Ergo
752 1087 784 1130 si
820 1087 971 1131 validis
1007 1088 1246 1131 rationibus
1290 1088 1576 1131 demonstrari
1628 1087 1788 1145 possit,
1836 1088 2015 1131 Famam

495 1148 742 1192 huiusmodi
780 1148 945 1191 nedum
980 1148 1194 1200 extitisse,
1235 1148 1308 1191 sed
1342 1156 1384 1192 et
1418 1165 1530 1192 nunc
1565 1149 1605 1191 in
1644 1148 1791 1205 vigore.
1826 1163 1916 1190 esse
1954 1164 2018 1190 cc-

491 1210 567 1253 dat
603 1209 887 1252 Adversarius
922 1210 1313 1266 praestantissimus
1349 1226 1519 1253 necesse
1552 1218 1633 1252 est.
1671 1211 1759 1252 iam
1788 1223 1889 1251 vero
1915 1208 2015 1251 licet

493 1271 617 1328 plura
653 1269 806 1313 all'erre
842 1285 1008 1327 possem
1043 1278 1298 1327 argumenta
1320 1278 1603 1320 constantem,
1632 1269 1917 1313 universalem
1944 1269 2020 1311 hu-

494 1330 680 1373 iusmodi
699 1331 878 1374 Famam
902 1329 1374 1388 demonstrantia,quia
1400 1331 1466 1374 his
1489 1331 1705 1375 redundat
1722 1330 2016 1375 summan-iun:

494 1407 627 1434 tinum
664 1390 961 1434 tantummodo
996 1390 1212 1449 proferam
1247 1392 1362 1451 quod
1401 1401 1538 1435 totum
1572 1400 1634 1434 est
1681 1392 1721 1434 in
1772 1391 2018 1436 Summario

492 1452 760 1495 Addit-ionali
793 1452 912 1509 quod
946 1451 1135 1495 continet
1170 1453 1419 1496 innumeras
1443 1453 1603 1496 litteras
1629 1452 1934 1495 Postumum-ias
1956 1452 2017 1494 in-

493 1513 698 1571 signium,
721 1528 768 1555 ae
801 1512 1102 1569 spectabilium
1136 1514 1344 1571 cuiusque
1378 1513 1555 1564 ordinis,
1584 1529 1728 1564 sexus,
1757 1513 2017 1556 conditionis

494 1587 780 1631 personarum
806 1573 951 1617 studio
974 1573 1315 1625 inflammatum
1337 1574 1474 1617 enixis
1498 1574 1699 1632 precibus
1723 1591 1745 1616 a
1768 1573 1880 1617 Sede
1898 1576 2019 1631 Apo-

491 1633 636 1678 stoliea
671 1633 1037 1678 introductionem
1070 1635 1252 1685 Causae,
1290 1644 1329 1677 et
1366 1635 1734 1678 Beatilicationem
1753 1636 1910 1678 Sei-vae
1933 1634 2016 1677 Dei

490 1694 656 1740 Sororis
681 1694 836 1737 Mariae
861 1695 917 1737 ab
939 1695 1235 1738 incarnatione
1258 1695 1586 1752 efflagitantium
1607 1711 1720 1753 quae
1746 1694 1800 1737 ad
1827 1695 1867 1737 id
1894 1694 2018 1738 [inice

490 1764 588 1799 sunt
616 1762 841 1813 permotae
865 1755 982 1814 quod
1011 1755 1184 1799 firmum
1211 1757 1251 1799 in
1281 1764 1426 1799 mente
1451 1756 1663 1800 retineant
1687 1756 1894 1799 Eamdem
1921 1757 2016 1799 Ser-

490 1831 591 1860 vam
611 1816 690 1859 Dei
711 1815 891 1859 heroicis
908 1816 1139 1860 virtutibus
1161 1818 1407 1861 decoratam
1428 1817 1602 1861 abunde
1622 1816 1764 1867 fuisse,
1780 1825 1822 1859 et
1844 1817 2020 1875 superni

491 1876 819 1920 charismatibus.
845 1893 867 1920 a
891 1879 983 1920 Deo
1007 1877 1178 1935 copiose
1199 1878 1397 1930 ditatam,
1416 1894 1462 1921 ac
1486 1878 1736 1935 plurimum,
1770 1878 2019 1935 inpraesen-

492 1939 649 1981 tiarum
686 1937 800 1994 apud
836 1940 978 1981 Deum
1014 1939 1156 1981 valere
1199 1939 1318 1997 quod
1355 1939 1632 1983 manifestum
1678 1938 1722 1981 lit
1767 1938 2017 1982 continuata

490 1998 797 2042 miraculorum
832 1999 942 2041 serie
964 2014 1075 2057 quae
1109 2001 1224 2043 Deus
1249 2000 1365 2043 illius
1390 2000 1592 2057 precibus
1615 1999 1826 2057 quotidie,
1850 2007 1891 2041 et
1926 1999 2020 2042 ubi-

492 2074 579 2117 que
613 2068 830 2116 operatur.
858 2060 1002 2117 Atque
1036 2059 1104 2103 hic
1138 2061 1333 2103 advertat
1356 2062 1518 2104 Censor
1541 2069 1686 2104 noster
1703 2060 1821 2118 quod
1847 2060 2016 2103 litterae

490 2120 801 2163 Postulatoriae
848 2136 958 2178 quae
1003 2121 1044 2163 in
1089 2121 1336 2165 Summario
1381 2121 1651 2166 Additionali
1700 2128 1891 2178 prostant
1940 2135 2018 2163 nee

493 2180 616 2223 tertia
652 2196 747 2237 pars
780 2189 880 2223 sunt
915 2189 1107 2239 respectu
1143 2182 1196 2225 ad
1230 2182 1334 2225 alias
1367 2197 1517 2225 omnes
1551 2198 1664 2241 quae
1696 2182 1780 2225 iam
1832 2180 2015 2238 expedi-

491 2248 559 2284 tae
592 2241 647 2285 ad
681 2242 725 2285 S.
753 2242 805 2284 R.
846 2242 1238 2300 Congregationem
1273 2243 1449 2286 fuerunt
1494 2251 1726 2302 antequam
1763 2242 1862 2285 illae
1907 2242 2020 2299 typis

493 2301 881 2359 imprimerentur,
926 2312 967 2345 et.
1009 2303 1062 2346 ad
1099 2318 1169 2347 eas
1201 2319 1315 2362 quae
1349 2312 1442 2361 post
1478 2303 1636 2346 dictam
1682 2303 2016 2361 impressionem

488 2362 684 2421 quotidie
719 2363 807 2405 l'ere
840 2363 894 2406 ad
930 2379 1003 2407 nos
1037 2363 1307 2407 deseruntur.
1345 2365 1470 2407 Unde
1494 2364 1660 2423 absque
1684 2363 2018 2422 exaggeratione

491 2422 689 2467 affirmari
735 2440 859 2481 posse
910 2424 1124 2476 arbitror,
1170 2425 1288 2483 quod
1325 2425 1395 2468 vix
1430 2425 1536 2469 alius
1572 2425 1652 2468 Dei
1686 2427 1844 2470 Servus
1877 2424 2019 2467 extitit

490 2484 621 2529 Cuius
645 2484 910 2528 Beatiiicat-io
933 2493 1198 2544 tot,tamque
1223 2485 1453 2530 illustrium
1478 2485 1703 2529 hominum
1730 2486 1839 2528 votis
1862 2492 1904 2528 et
1927 2500 2021 2542 pre-

491 2545 612 2588 cibus
645 2544 775 2589 suerit
806 2546 1014 2604 expetita.
1062 2548 1153 2589 imo
1199 2561 1250 2590 ea
1285 2555 1347 2589 est
1380 2547 1424 2589 in
1461 2547 1801 2604 praesentiarum
1824 2579 1833 2596 ,
1871 2547 2020 2589 Cana—

492 2606 635 2650 densis
666 2607 815 2666 populi
852 2608 1066 2659 voluntas,
1104 2607 1184 2650 hoc
1216 2607 1503 2665 propositum,
1532 2615 1581 2650 ut
1603 2607 1655 2650 ad
1681 2607 1872 2665 primum
1909 2622 2021 2649 nun-

493 2667 598 2710 tium
634 2667 879 2725 signaturae
902 2668 957 2712 de
979 2669 1292 2713 Commissione
1317 2668 1648 2712 introductionis
1671 2669 1834 2712 Causae
1857 2669 2019 2712 Sorvae

490 2727 575 2771 Dei
609 2729 774 2773 Sororis
807 2729 966 2773 Mariae
987 2730 1043 2773 ab
1067 2730 1379 2779 incarnatione,
1408 2730 1453 2772 in
1475 2729 1643 2787 signum
1679 2729 1893 2772 maximae
1928 2728 2016 2771 lae-

489 2789 605 2832 titiae
640 2790 680 2832 in
718 2797 803 2834 tota
838 2791 1014 2849 regione
1048 2790 1202 2834 festum
1236 2791 1431 2834 solemne
1466 2790 1765 2833 universaliter
1790 2789 2019 2833 luminari-

490 2850 576 2893 bus
609 2850 872 2894 celebretur.

617 2912 692 2954 69.
729 2913 821 2955 Uno
856 2912 990 2956 verbo
1023 2927 1073 2956 ea
1107 2919 1170 2956 est
1203 2912 1350 2970 opinio
1385 2912 1637 2956 universalis
1660 2913 1715 2955 de
1736 2910 1915 2954 heroicis
1939 2910 2022 2953 Dei

1746 2987 1776 3027 6
