2760 3584
21 1948 77 1976 no

13 2008 78 2037 SSO

37 2357 98 2400 in-

42 2599 105 2642 nti

432 855 540 899 224.

433 1397 534 1441 225.

431 2183 519 2227 226
527 2215 537 2227 .

1967 299 2044 345 ’121

558 370 632 416 stis
665 373 724 415 X.
762 372 825 416 his
857 374 1002 418 verbis
1037 375 1236 434 (Summ.
1268 375 1379 419 ibid.
1420 390 1518 434 pag.
1543 373 1639 433 72).
1666 391 1682 410 α
1712 372 1911 415 Nascosta
1942 374 2056 419 nelle

562 453 577 470 ι»
607 433 762 491 piaghe
794 443 1035 478 sacrosante
1068 435 1111 479 di
1147 436 1277 487 Gesii,
1315 436 1341 479 il
1374 451 1451 479 suo
1495 450 1624 478 cuore
1656 432 1689 476 si
1721 430 1970 477 diffondeva
2003 435 2045 479 in

565 513 581 531 n
610 494 855 537 sentimenti
904 494 949 537 di
998 497 1305 553 compunzione
1327 530 1336 546 ‚
1388 496 1434 541 di
1485 493 1757 538 benedizioni
1784 526 1794 543 ,
1832 507 1856 535 e
1888 491 1932 536 di
1969 495 2054 538 rin-

556 573 573 591 »
602 554 895 611 graziamenti.
932 556 980 598 ln
1013 556 1098 600 tale
1130 565 1238 599 stato
1271 556 1314 599 di
1349 555 1561 606 orazione,
1600 555 1690 598 Ella
1735 568 1820 597 non
1867 553 1901 596 si
1950 562 2057 599 tosto

559 634 575 651 n
609 614 820 657 trovavasi
854 615 1089 674 gcnuflessa
1123 616 1290 661 dinanzi
1324 617 1361 660 al
1395 632 1474 660 suo
1522 614 1752 659 evocetisso
1773 646 1782 663 ,
1822 614 1899 657 che
1932 630 2058 660 senza

561 693 578 712 ι
607 689 736 718 avere
769 674 797 718 il
832 683 979 734 tempo
1012 676 1057 720 di
1091 677 1317 728 meditare,
1336 678 1485 721 Nostro
1518 677 1698 732 Signore
1721 690 1743 717 a
1777 674 1997 732 serapiva
2031 677 2060 720 il

557 754 573 772 ι
603 749 679 778 suo
711 735 906 797 spirited
936 737 992 782 ed
1039 739 1139 781 Essa
1191 753 1276 782 non
1321 746 1475 796 poteva
1516 735 1583 780 dir
1617 735 1723 778 altro
1753 758 1780 766 -
1814 734 1846 775 E
1880 733 2062 781 l'amore

556 814 573 833 ι
601 796 679 838 che
714 795 756 838 vi
792 796 843 840 ha
877 796 1035 841 ridotto
1070 815 1093 842 a
1129 799 1212 842 tale
1246 807 1372 847 stato.
1418 819 1433 836 ι»

576 857 642 898 De
676 856 914 901 visionibus
951 866 994 901 et
1046 859 1241 917 supernis
1290 857 1626 902 revelationibus
1674 869 1758 897 non
1800 855 1980 913 loquum
2017 857 2052 901 si

553 915 669 959 enim
704 917 774 960 hic
809 918 999 975 proferre
1033 934 1083 963 ea
1116 919 1270 963 vellem
1307 935 1390 963 non
1427 917 1604 962 materia
1637 915 1833 974 quidem,
1856 916 1930 959 sed
1958 925 2064 960 tem-

549 991 632 1034 pus
652 977 871 1028 deiiceret,
894 987 936 1021 et
958 987 1266 1024 atramentum.
1290 980 1456 1024 Etenim
1483 979 1645 1036 integra
1668 978 1825 1021 Scrvae
1851 977 1930 1019 Dei
1951 978 2062 1021 vitae

551 1037 682 1080 series
718 1038 963 1082 istiusmodi
1000 1040 1250 1093 visionibus,
1273 1050 1315 1084 ct
1350 1038 1688 1084 revelationibus
1720 1045 1917 1081 contexta
1950 1053 2060 1096 quo-

554 1095 793 1140 dammodo
827 1099 910 1141 dici
936 1108 1092 1156 potest,
1112 1102 1325 1158 siquidem
1362 1118 1413 1143 cx
1446 1117 1532 1158 quo
1551 1097 1725 1143 rationis
1749 1112 1870 1140 usum
1900 1098 2059 1156 adepta

554 1156 632 1199 llla
666 1157 748 1200 l'uit
782 1158 982 1202 videlicet
1013 1175 1109 1203 cum
1161 1169 1269 1204 essct
1315 1161 1547 1219 septennis,
1588 1158 1648 1202 uti
1682 1159 1764 1201 iam
1800 1160 2056 1211 memoravi,

549 1217 714 1261 eisdem
751 1218 926 1276 dignata
960 1236 984 1263 a
1019 1222 1112 1264 Deo
1145 1220 1239 1271 suit,
1285 1229 1327 1265 et
1359 1222 1416 1264 sie
1452 1235 1678 1279 progressu
1722 1219 1931 1276 temporis
1970 1234 2059 1263 ma-

553 1278 664 1319 iores
698 1280 836 1335 ipsae,
874 1288 917 1323 et
950 1280 1261 1339 frequentiores
1294 1290 1547 1332 evaserunt,
1584 1277 1953 1339 quemadmodum
1988 1280 2060 1323 vi-

551 1336 645 1381 deri
666 1337 779 1381 sacili
800 1339 970 1397 negotio
993 1349 1131 1398 potest
1160 1344 1390 1400 praecipue
1410 1344 1452 1386 in
1470 1340 1713 1386 Summario
1728 1353 1847 1382 num.
1870 1341 2006 1382 xvn.

574 1398 679 1442 Mira
712 1398 843 1442 etiam
880 1400 1014 1443 multa
1046 1410 1089 1444 ct
1122 1404 1332 1461 stupenda
1368 1403 1671 1447 intercessione
1704 1402 1861 1444 Sorvae
1895 1401 1975 1443 Dei
2007 1401 2049 1444 in

551 1466 664 1501 terra
708 1459 851 1503 adhuc
883 1460 1077 1517 degentis
1119 1472 1321 1520 operatus
1360 1464 1440 1507 suit
1478 1464 1777 1519 Omnipotens.
1825 1462 1924 1502 Duo
1956 1470 2056 1505 tan-

550 1524 645 1561 tum
681 1536 733 1563 ex
765 1520 845 1563 illis
878 1520 1072 1565 asseram.
1113 1524 1309 1567 Primum
1357 1532 1420 1568 est
1463 1522 1663 1567 liberatio
1697 1520 1890 1563 mulieris
1932 1520 2054 1565 furiis

549 1578 645 1622 dire
683 1582 869 1640 agitatae
911 1597 1043 1640 quam
1080 1584 1263 1642 simplici
1309 1601 1385 1628 suo
1419 1585 1621 1643 amplexu
1654 1584 1785 1628 Serva
1823 1581 1906 1624 Dei
1942 1590 2053 1625 tran-

550 1640 753 1698 quillitati
792 1642 904 1686 illico
937 1644 1140 1688 restituit.
1177 1647 1353 1690 Factum
1376 1648 1432 1689 ita
1472 1653 1617 1688 narrat
1649 1641 2056 1700 TestisX(Summ.

553 1715 678 1745 num.
706 1704 747 1746 X
783 1718 881 1761 pag.
907 1704 1004 1764 96).
1046 1725 1063 1743 α
1099 1706 1164 1749 Un
1203 1707 1352 1765 giorno
1378 1707 1414 1750 la
1453 1705 1691 1749 medesima
1727 1703 1790 1761 (S.
1817 1703 1896 1761 D.)
1929 1702 2061 1745 s'im-

559 1780 577 1799 ι
616 1762 734 1806 batte
770 1764 814 1806 in
867 1780 952 1808 una
989 1765 1134 1810 donna
1170 1767 1329 1811 furiosa
1368 1785 1390 1811 a
1436 1766 1599 1810 motivo
1649 1765 1692 1809 di
1728 1779 1811 1807 una
1848 1764 2061 1820 disgrazia

562 1841 580 1860 ι
619 1832 833 1868 avvenuta
877 1825 916 1868 al
958 1841 1034 1869 suo
1068 1826 1201 1885 figlio.
1228 1829 1387 1884 Qucsta
1426 1828 1632 1872 invocava
1670 1826 1697 1868 il
1731 1823 1938 1868 demonio
1961 1839 2067 1882 con--

558 1902 574 1920 2
617 1885 860 1929 torcendosi
899 1889 1347 1945 spaventcvolmente.
1385 1892 1417 1933 A
1449 1890 1565 1933 nulla
1589 1885 1806 1945 giovaudo
1837 1885 1876 1927 le
1915 1885 2064 1943 parole

559 1963 575 1981 ι
613 1945 820 2004 benigne,
855 1948 894 1990 la
932 1949 1064 1993 Serva
1103 1949 1149 1993 di
1189 1950 1271 1993 Dio
1304 1951 1337 1993 si
1377 1958 1493 2009 getta
1526 1951 1563 1994 al
1608 1964 1684 1990 suo
1711 1945 1834 1996 cotto,
1863 1961 1886 1987 θ
1922 1954 2059 1988 Sitel-

557 2023 575 2041 »
618 2014 809 2050 tamente
829 2008 1106 2053 l’abbraccia.
1126 2011 1282 2055 Subito
1315 2012 1353 2054 la
1377 2012 1520 2054 donna
1553 2006 1767 2053 calmossi.
1786 2006 1928 2050 Costei
1949 2005 2064 2050 disse

559 2084 576 2102 ι
614 2067 692 2110 che
723 2069 763 2111 al
791 2077 1014 2113 momento
1040 2070 1081 2112 in
1117 2072 1184 2114 cui
1219 2071 1256 2114 la
1289 2073 1422 2116 Serva
1460 2071 1503 2114 di
1543 2070 1625 2113 Dio
1664 2065 1941 2117 Fabbraccis‘),¹
1979 2067 2065 2111 ella

557 2145 573 2162 »
616 2128 746 2172 vidde
783 2129 997 2188 disparire
1031 2130 1071 2173 lc
1098 2140 1352 2189 spavcntose
1383 2131 1541 2174 visioni
1578 2131 1656 2174 che
1688 2128 2002 2171 l'atterrivano.
2036 2147 2050 2165 υ

572 2188 660 2232 Sed
692 2189 828 2247 magis
855 2190 1120 2248 stupendum
1155 2191 1412 2235 habendum
1440 2199 1504 2234 est
1535 2191 1695 2234 factum
1720 2189 1854 2231 mirae
1883 2186 2057 2230 raedifi-

552 2248 731 2291 cationis
768 2249 1015 2293 Monastcrii
1054 2251 1346 2305 Quebecensis
1370 2267 1452 2310 ope
1474 2252 1635 2296 Servae
1658 2249 1739 2292 Dei
1763 2247 1993 2307 perfectae,
2016 2256 2058 2292 et

553 2308 792 2353 absolutae.
815 2310 864 2353 ld
888 2325 992 2353 vero
1023 2310 1185 2368 duplici
1210 2327 1262 2355 cx
1295 2313 1434 2371 capite
1466 2312 1731 2370 stupendum
1763 2318 1824 2353 est
1859 2308 2061 2352 habitum

551 2368 753 2412 videlicet
803 2379 895 2414 tum
938 2372 996 2414 ob
1043 2372 1304 2416 celeritatem
1348 2373 1647 2420 executionis,
1688 2379 1781 2415 tum
1823 2369 1882 2414 ob
1915 2384 2060 2427 pecu-

550 2429 650 2473 niae
694 2430 821 2474 nimis
869 2432 1053 2490 exiguae
1096 2434 1521 2492 multiplicationem.
1569 2434 1638 2478 Ait
1698 2432 1813 2475 enim
1864 2431 1984 2474 testis
2017 2432 2059 2474 X

555 2489 743 2549 (summ.
771 2508 894 2536 num.
921 2495 957 2537 V
994 2509 1089 2551 pag.
1126 2494 1226 2553 54.)
1254 2516 1267 2532 «
1291 2496 1488 2540 Dicevasi
1516 2495 1571 2539 da
1611 2493 1707 2538 tutti
1740 2492 1816 2536 che
1844 2491 1961 2535 eravi
1993 2490 2065 2534 del

559 2571 576 2590 ι»
613 2552 813 2612 prodigio
849 2554 960 2598 nella
994 2554 1179 2612 rapidita
1215 2571 1292 2600 con
1336 2557 1403 2600 cui
1443 2558 1469 2601 il
1518 2557 1665 2600 lavoro
1693 2552 1967 2612 progrediva.
2003 2552 2062 2596 La

561 2632 578 2651 ι
616 2614 869 2658 Santissima
905 2616 1092 2673 Vergine
1126 2617 1364 2675 multiplico
1401 2617 1597 2662 eziandio
1632 2618 1643 2660 i
1679 2614 1810 2659 mezzi
1849 2612 2065 2672 pecunia-

562 2693 578 2711 ·
620 2674 704 2726 rii;
741 2684 910 2719 mentre
945 2678 971 2719 il
1003 2679 1244 2722 Monastcro
1283 2679 1325 2722 su
1360 2679 1605 2723 ricostruito
1634 2677 1707 2736 piu
1749 2675 1901 2725 solido,
1938 2689 1963 2716 e
1987 2673 2063 2732 piu

562 2753 579 2772 ι
618 2736 764 2793 ampio
798 2736 842 2780 di
882 2739 982 2795 quel
1017 2739 1094 2782 che
1125 2739 1265 2797 prima
1303 2740 1434 2790 fosse,
1471 2756 1495 2784 e
1535 2741 1640 2784 fatto
1679 2739 1706 2781 il
1737 2744 1940 2795 computo
1976 2750 2061 2777 non

560 2814 577 2833 ι
615 2796 650 2839 si
687 2797 810 2842 riusci
833 2798 920 2841 mai
949 2816 973 2842 a
997 2799 1188 2844 rendersi
1223 2810 1349 2845 conto
1383 2801 1730 2860 dclpagamento
1763 2798 1807 2840 di
1841 2795 2062 2840 venticin—

558 2875 575 2895 ι
614 2872 701 2915 que
740 2859 845 2903 mila
885 2859 977 2911 lire,
1016 2876 1061 2905 sc
1094 2876 1180 2904 non
1222 2863 1513 2920 riguarclando
1559 2861 1624 2905 cio
1659 2861 1841 2904 siccome
1875 2856 2058 2900 l’esfetto

563 2937 578 2955 ι»
618 2918 733 2963 della
766 2923 1014 2978 protezione
1051 2922 1096 2966 di
1128 2923 1278 2966 Maria.
1327 2944 1342 2963 υ
1391 2926 1452 2967 Ex
1485 2925 1549 2967 his
1584 2922 1714 2979 igitur
1746 2919 1900 2963 merito
1947 2932 2059 2961 con-

556 2978 675 3023 cludi
708 2990 848 3039 potest
885 2996 988 3026 vere
1023 2984 1165 3027 Deum
1202 2984 1329 3028 fuisse
1353 2984 1408 3028 ·in
1443 2987 1574 3030 Serva
1603 2986 1687 3028 Sua
1731 2983 1887 3026 Sorore
1928 2979 2062 3022 Maria

1764 3055 1822 3097 ’16
