2648 3584
580 316 597 335 ι
625 295 821 350 Quebec,
859 311 883 339 e
915 295 1025 339 sulla
1058 293 1224 350 sponda
1259 293 1328 337 del
1365 292 1496 337 liume
1531 295 1576 338 S.
1615 295 1821 345 Laurent,
1864 311 1888 339 e
1922 297 2037 354 dopo
2060 297 2104 341 di

578 376 595 395 1>
625 371 754 400 avere
789 356 958 400 visitata
991 355 1030 397 la
1063 355 1167 398 Casa
1202 353 1377 398 fondata
1420 354 1533 398 dalla
1579 354 1722 399 Madre
1768 355 1871 398 dell'
1904 358 2111 402 lucarna-

577 437 594 456 ι
624 417 749 460 zione
784 415 869 475 (4).
904 437 918 454 ιι
948 417 1008 458 Ex
1044 414 1245 458 adductis
1281 415 1327 457 lit
1361 416 1639 459 manifestum
1687 431 1773 458 non
1825 431 1952 460 unam
1974 450 1983 466 ‚
2033 419 2109 462 sed

572 478 682 522 duas
704 477 814 521 vitas
838 477 1000 522 Servae
1034 476 1114 519 Dei
1149 475 1348 526 existere,
1389 491 1546 534 easque
1581 475 1898 535 antiquissimas
1934 477 2113 535 illasque

576 539 736 582 idcirco
773 537 897 580 multi
932 552 1024 580 esse
1059 536 1261 594 ponderis
1292 537 1348 582 ad
1382 537 1652 595 probendam
1687 539 1866 581 Famam
1900 538 2110 582 Sanctita-

578 599 644 649 tis,
685 606 861 641 auctore
894 600 990 655 Ipso
1024 599 1203 642 Summo
1237 597 1448 642 Pontiliee
1471 598 1705 642 Benedicto
1728 599 1828 641 XlV
1853 598 2110 656 pracsertim

573 660 677 718 quia
715 658 757 701 hi
790 659 879 702 duo
913 658 1141 716 scriptores
1176 659 1345 709 Martia,
1385 667 1427 702 et
1449 659 1704 702 Cliarlevoix
1730 659 1903 716 pietate,
1929 659 2106 709 virtute,

574 736 622 764 ac
660 719 857 764 doctrina
894 720 1080 777 insignes
1113 720 1366 770 extiterunt,
1404 728 1532 778 atque
1558 719 1928 777 insuperscientia
1955 735 2103 762 eorum

575 796 691 840 quae
730 780 996 838 scripserunt
1030 787 1150 823 crant
1182 795 1314 838 quam
1351 781 1538 823 maxime
1575 780 1774 837 praediti.

701 842 775 883 93.
815 842 888 884 llis
923 857 1053 899 porro
1076 841 1108 883 si
1131 841 1233 884 addi
1270 841 1404 884 velint
1426 850 1595 884 caetera
1619 841 1700 884 alia
1726 840 1959 883 illustrium
1992 840 2105 884 illius

577 903 730 947 aetatis
763 918 846 960 qua
883 902 1058 945 vivebat
1091 901 1224 945 Serva
1255 902 1334 944 Dei
1374 910 1596 945 auctorum
1620 902 1774 959 scripta
1799 916 1911 959 quae
1934 903 2108 944 Famam

586 963 829 1008 Sanctitatis
854 962 954 1005 Eius
979 961 1178 1006 laudibus
1203 963 1633 1013 extollunt,auserim
1653 962 2011 1022 assirmarc,quod
2036 962 2116 1004 etsi

576 1023 697 1067 nulla
730 1038 777 1065 ea
812 1023 869 1067 de
904 1039 949 1066 re
982 1030 1148 1066 extaret
1182 1023 1311 1066 oralis
1347 1024 1537 1074 traditio,
1566 1032 1758 1068 attamen
1794 1023 1848 1067 de
1883 1023 2113 1066 existentia

576 1084 716 1128 dictae
751 1085 909 1127 Famae
943 1084 1408 1143 Sanctitatis,quisque
1442 1100 1569 1128 sanae
1600 1084 1764 1128 critices
1801 1084 1972 1141 regulas
1994 1083 2115 1126 haud

583 1147 781 1203 ignorat,
820 1145 1027 1188 dubitare
1075 1146 1227 1187 merito
1261 1160 1346 1187 non
1384 1154 1540 1202 posset.
1578 1146 1704 1201 Quod
1756 1153 1897 1187 autem
1938 1158 2118 1187 meme-

581 1215 669 1249 rata
706 1205 879 1248 illorum
916 1213 1139 1248 auctorum
1190 1205 1343 1263 scripta
1395 1206 1583 1249 maxima
1619 1207 1808 1264 polleant
1857 1204 2120 1248 auctoritate

582 1268 650 1310 vel
686 1281 740 1310 ex
773 1282 824 1309 eo
860 1266 1024 1324 liquet,
1063 1266 1179 1323 quod
1214 1265 1317 1309 dicti
1352 1275 1544 1311 auctores
1580 1268 1745 1325 absque
1783 1266 1937 1309 erroris
1961 1298 1970 1315 ,
2030 1265 2116 1308 imo

579 1327 922 1385 exaggerationis
957 1326 1147 1383 periculo
1181 1327 1534 1384 splendidissima
1584 1328 1697 1371 illius
1744 1327 1902 1370 saeculi
1956 1325 2117 1369 decimi

582 1388 755 1446 septimi
791 1387 1021 1431 luminaria
1057 1397 1232 1444 possunt
1266 1388 1493 1446 appellari.
1531 1389 1582 1432 lli
1618 1389 1781 1446 quippe
1813 1396 1910 1430 sunt
1956 1385 2119 1429 doctis-

579 1448 674 1492 simi
710 1448 768 1492 illi
803 1448 891 1491 duo
925 1448 1147 1491 l'raesules
1182 1449 1347 1492 Galliae
1382 1449 1591 1500 theton,
1630 1457 1671 1492 et
1696 1450 1891 1499 Bossuet,
1924 1450 1970 1490 P.
1993 1447 2120 1491 Clau-

583 1509 679 1553 dius
711 1510 882 1553 Dablou
918 1510 1078 1552 Rector
1110 1509 1287 1567 collegii
1322 1511 1614 1566 Quebecensis
1637 1544 1646 1561 ‚
1685 1519 1726 1551 ct
1760 1509 1973 1567 Superior
2015 1508 2120 1551 Mis-

582 1571 754 1614 sionum
788 1570 831 1613 in
868 1586 978 1613 nova
1013 1570 1166 1613 Gallia.
1205 1572 1253 1612 P.
1282 1572 1568 1629 Hieronymus
1605 1571 1845 1614 Lallemant
1887 1569 2121 1614 confessa-

586 1631 675 1674 rius
708 1633 869 1675 Sorvae
904 1631 1002 1682 Dei,
1040 1639 1081 1673 et
1113 1631 1320 1689 Superior
1354 1632 1395 1674 in
1434 1648 1544 1675 nova
1580 1631 1736 1682 Gallia,
1758 1630 1956 1673 eruditus
1982 1631 2115 1672 Dom.

583 1691 776 1736 Man-tene
811 1708 865 1735 ex
900 1691 1065 1734 Ordine
1100 1694 1143 1735 S.
1183 1692 1420 1742 Benedicti,
1461 1695 1513 1735 Ι).
1551 1692 1759 1737 Claudius
1796 1692 1945 1734 Martin
1989 1691 2119 1733 Eius-

586 1753 686 1797 dem
722 1753 802 1795 Dei
838 1753 1045 1795 Famulae
1078 1752 1210 1795 Filius
1255 1753 1531 1797 Venerabilis
1574 1769 1596 1796 a
1645 1753 1793 1796 multis
1841 1751 2084 1810 appellatus
2111 1785 2119 1800 ‚

585 1813 759 1871 pietate,
798 1821 839 1856 et
873 1812 1047 1856 scicntia
1084 1812 1270 1856 illustres
1305 1815 1452 1856 Patres
1485 1831 1508 1856 e
1542 1813 1759 1857 Societate
1804 1815 1896 1856 lesu
1944 1812 2121 1855 Cliarle-

589 1874 694 1916 voix
727 1882 769 1917 et
803 1875 1087 1931 Lampereur,
1115 1873 1396 1917 Doctissimus
1444 1875 1583 1917 Feller
1633 1874 1674 1916 in
1726 1890 1804 1917 suo
1854 1871 2119 1916 Dictionario

587 1934 803 1985 historico,
844 1934 1116 1978 Venerabilis
1149 1936 1277 1978 Pater
1311 1937 1468 1992 Emery
1501 1934 1740 1993 Superiorl,
1778 1943 1821 1978 et
1855 1935 2011 1977 Rector
2043 1934 2126 1977 Sc-

589 1995 761 2039 minarii
795 1995 940 2039 Sancti
974 1995 1144 2053 Sulpitii
1180 1996 1373 2039 Lutetiae
1415 1996 1675 2039 Parisiorum
1699 2030 1708 2046 ,
1758 2012 1807 2039 ac
1851 1994 2030 2038 demum
2073 2001 2119 2035 ut

592 2056 699 2099 alios
733 2056 957 2099 brevitatis
990 2072 1094 2114 ergo
1127 2058 1324 2100 omittam
1359 2058 1408 2100 F.
1447 2059 1606 2100 Camus
1629 2073 1651 2099 a
1676 2056 1926 2099 doctissimo
1947 2057 2124 2097 Bossuet

587 2117 898 2161 celeberrimus
930 2117 1082 2160 doctor
1116 2127 1405 2175 nuncupatus.
1446 2119 1494 2160 lli
1529 2133 1696 2167 omnes,
1725 2132 1812 2160 non
1836 2132 1957 2159 secus
1982 2131 2028 2158 ac
2054 2131 2119 2158 re-

591 2177 802 2221 centiores
836 2178 1065 2236 scriptores
1100 2179 1170 2236 qui
1205 2178 1261 2221 de
1298 2180 1400 2229 vita,
1438 2187 1479 2221 et
1513 2178 1695 2222 heroicis
1728 2179 1888 2222 Servae
1928 2176 2009 2219 Dei
2036 2176 2120 2220 So-

592 2238 696 2281 roris
715 2238 874 2282 Mariae
896 2239 953 2282 ab
977 2240 1277 2282 lucau-natione
1295 2240 1422 2297 gestis
1439 2254 1686 2283 sermonem
1711 2237 2120 2289 liabent,certatim,

594 2308 640 2342 ut
675 2299 732 2343 ita
767 2299 908 2343 dicam
944 2299 1135 2343 heroicas
1168 2301 1285 2343 lllius
1320 2302 1517 2351 virtutes,
1556 2301 1667 2343 mira
1701 2300 1800 2343 Eius
1833 2299 2090 2342 charismata
2112 2330 2121 2348 ,

593 2368 636 2402 et
670 2360 937 2404 eminentem
973 2377 1148 2418 prorsus
1181 2360 1464 2407 Sanctitatem
1497 2361 1804 2405 concelebrare
1838 2360 2040 2417 gestiunt.

718 2422 793 2464 94.
831 2422 918 2466 Sed
952 2437 1031 2465 nec
1065 2422 1243 2465 alteram
1279 2423 1577 2481 quaestionem
1613 2423 1727 2465 bene
1761 2420 1887 2464 solvit
1905 2419 2120 2463 Adversa-

594 2480 679 2524 rius
715 2483 912 2540 egregius
945 2482 1019 2541 qui
1058 2492 1285 2542 postquam
1320 2484 1458 2527 l'retus
1492 2483 1748 2528 metm-itate
1773 2480 2000 2525 Benedicti
2023 2481 2124 2523 XlV

595 2543 888 2599 praemisisset
923 2543 1040 2603 quod
1077 2559 1171 2586 cum
1207 2546 1339 2588 Fama
1372 2546 1601 2589 Sanctitats
1638 2544 1741 2587 nihil
1766 2542 1883 2587 alind
1909 2542 1978 2588 sit,
1999 2557 2128 2599 quam

596 2602 878 2655 existimatio,
917 2620 988 2647 seu
1025 2606 1269 2648 communis
1292 2605 1442 2663 opinio
1464 2606 1520 2650 de
1546 2604 1779 2648 virtutibus
1805 2619 1881 2662 per
1902 2603 2125 2646 continua-

592 2670 658 2707 tos
693 2673 808 2708 actus
842 2665 1036 2709 exercitii
1071 2681 1197 2723 supra
1231 2681 1509 2710 communem
1534 2665 1743 2723 operandi
1778 2664 1958 2707 modum
2001 2663 2125 2722 (ibid.

596 2741 694 2782 cup.
734 2729 807 2769 39.
848 2742 969 2770 eum.
1008 2728 1083 2786 7);
1122 2743 1173 2770 ex
1208 2729 1287 2771 hoc
1322 2728 1466 2777 insert,
1503 2727 1607 2771 dicti
1643 2726 1860 2769 Pontilicis
1893 2724 2131 2768 auctorita-

731 2847 796 2906 (l)
830 2849 983 2892 Snmm.
1019 2864 1121 2906 pay.
1161 2849 1248 2892 465
1283 2848 1341 2909 §S
1373 2848 1539 2891 93—97.
