2688 3584
2028 244 2087 288 67

604 335 622 358 ι
649 332 843 362 coru-eva.
880 317 938 361 La
970 315 1060 361 sola
1091 331 1168 360 sua
1200 330 1404 373 presente
1437 313 1584 360 lacera
1617 313 1710 359 loro
1731 313 1884 359 cudere
1908 314 1947 360 le
1977 318 2089 361 urnii

605 396 623 418 ι
651 375 699 424 di
734 393 881 431 muno,
918 393 943 422 e
975 376 1119 422 lucen
1151 375 1230 421 che
1260 391 1495 421 cessassero
1529 375 1568 420 le
1600 374 1799 435 ingiurie.
1827 395 1843 415 ι

480 438 586 483 tm.
624 439 827 500 Denique
862 446 910 483 ut
944 437 1025 482 alia
1057 435 1256 481 omittam
1291 443 1545 495 argumenta
1576 452 1690 496 quae
1723 435 1878 480 invicte
1910 435 2092 482 demon·

599 507 738 546 strant
771 500 987 544 heroicam
1020 498 1182 541 Servate
1214 496 1297 540 Dei
1330 497 1582 542 charitatem
1615 513 1717 556 erga
1745 496 1997 542 Proximum
2034 515 2095 543 re·

601 560 685 605 late
718 560 772 605 ad
803 557 1037 619 spiritualis
1072 556 1392 601 misericordiae
1438 573 1570 616 opera
1590 591 1601 609 ‚
1647 558 1727 602 hoc
1762 573 1896 602 unum
1931 558 2092 604 addam

603 635 731 672 vere,
768 629 813 665 et
859 618 1037 678 proprie
1070 618 1127 662 de
1160 617 1322 661 Eadem
1356 617 1441 661 dici
1476 633 1598 676 posse
1635 618 1752 677 quod
1792 618 1849 664 de
1886 619 2091 664 Gentium

604 680 839 740 Apostolo,
886 678 1111 729 videlicet,
1153 676 1273 736 quod
1321 678 1525 721 omnibus
1571 679 1715 723 omniu
1750 681 1840 738 lpsa
1889 689 2000 725 esset
2033 681 2094 724 sa·-

598 750 664 785 cta
699 750 745 786 ut
779 754 929 784 omnes
960 738 1126 783 Christo
1160 737 1442 782 lucrifaceret.
1475 737 1581 782 lliuc
1617 753 1765 782 omnes
1785 773 1795 791 ‚
1839 741 1955 784 nulla
1981 742 2091 785 lacta

599 802 850 859 exceptione
873 798 1059 857 benigne
1081 798 1328 856 excipiebat
1348 807 1560 857 quotquot
1583 799 1635 843 ud
1656 800 1757 842 Eam
1781 801 2089 846 consulendam

597 862 877 911 confluerent,
915 860 960 904 in
980 875 1067 919 quo
1091 858 1357 903 nobilissimo
1390 867 1430 902 et
1454 859 1642 903 maxime
1664 860 1837 904 salutari
1861 860 1997 904 ol'licio
2016 877 2091 919 pu-

602 922 815 972 ticntiam,
832 937 880 964 uc
894 919 1245 964 }:enevolcntiam
1269 920 1588 978 praeseferebat
1614 920 1890 980 singularem.
1903 922 2019 966 'l'esti
2033 923 2093 965 xl

601 980 789 1038 (Suinm.
815 996 939 1025 num.
962 981 1003 1023 X
1040 995 1142 1039 pag.
1176 980 1276 1039 98.)
1327 1000 1343 1019 ι
1374 981 1471 1025 Essa
1505 980 1569 1039 (S.
1590 981 1693 1042 D.)·
1718 981 1977 1041 rispondevu
2011 982 2094 1026 ulle

603 1062 619 1081 ι
649 1057 830 1100 persone
862 1040 1040 1087 serolari
1076 1041 1116 1086 le
1148 1040 1264 1099 quali
1298 1040 1331 1084 si
1368 1057 1577 1085 recuvano
1598 1057 1622 1085 a
1645 1042 1918 1094 consultat-la,
1944 1058 2024 1086 con
2048 1043 2086 1087 la

606 1121 622 1140 ι
650 1102 888 1146 medesima
936 1101 1069 1146 euritii
1116 1116 1197 1146 con
1245 1102 1314 1146 cui
1363 1100 1397 1146 si
1444 1110 1642 1161 prestera
1692 1118 1770 1161 per
1814 1103 1854 1147 lc
1885 1119 1962 1147 sue
1996 1103 2095 1148 reli-

610 1182 626 1200 ι
653 1179 788 1221 giose.
818 1183 832 1201 ·

619 1223 746 1279 Quod
780 1223 813 1267 si
847 1222 1039 1284 quisquis
1057 1222 1318 1268 esurientem
1345 1238 1456 1282 pane
1481 1223 1603 1267 verbi
1628 1222 1783 1276 reficit,
1808 1231 1850 1268 et
1872 1224 2092 1268 sitientem

606 1284 832 1341 mpientiue
865 1292 970 1343 potu
1003 1284 1240 1342 refrigerat,
1279 1284 1347 1328 vet
1379 1284 1451 1343 qui
1488 1284 1792 1336 tribulatione,
1831 1293 1873 1328 ct
1906 1285 2095 1329 anxieta-

604 1344 715 1387 tibus
766 1360 973 1403 oppresso
1019 1344 1216 1388 subvenit
1251 1345 1555 1403 compatiendo
1577 1378 1586 1396 ‚
1626 1346 1692 1390 vcl
1726 1345 1989 1390 consulendo
2023 1346 2090 1389 liic

598 1413 715 1449 certe
750 1420 848 1448 vcra
883 1404 1115 1449 dilectione
1149 1404 1370 1463 praeditus
1401 1406 1633 1450 habendus
1656 1415 1739 1457 est,
1766 1422 1913 1450 nonne
1935 1407 2090 1465 potiori

601 1466 695 1510 iure
728 1465 916 1524 idipsum
954 1472 1093 1523 potest
1134 1463 1336 1508 allii-mari
1369 1464 1424 1509 de
1455 1466 1588 1510 Serva
1623 1466 1702 1510 Dei
1737 1482 1848 1525 quae
1882 1483 1935 1510 ex
1969 1467 2095 1511 dictis

600 1526 773 1570 heroico
807 1526 847 1570 in
880 1524 1018 1584 gradu
1052 1526 1158 1570 liare
1190 1526 1338 1569 omnia
1383 1534 1427 1570 et
1474 1526 1541 1570 his
1588 1526 1751 1570 maiora
1800 1526 2094 1571 indesinenter

599 1587 842 1631 executioni
875 1586 1135 1630 mandavit?

480 1647 584 1692 426.
622 1648 744 1704 Quae
778 1648 998 1707 hucusque
1032 1646 1215 1706 produxi
1253 1646 1573 1691 misericordiae
1615 1647 1849 1707 spiritualis
1881 1663 2014 1707 opera
2049 1648 2092 1692 in

597 1709 731 1753 Seu-va
766 1708 848 1752 Dei
881 1709 1197 1760 demonstrant,
1237 1708 1368 1752 inodo
1402 1708 1606 1753 nonnulla
1640 1708 1873 1753 dicendum
1909 1709 1964 1753 de
1997 1725 2091 1752 cor-

598 1769 755 1827 poralis
790 1768 1107 1814 misericordiae
1140 1770 1347 1827 operibus
1368 1783 1481 1828 quac
1503 1785 1600 1814 cuin
1626 1770 1710 1814 illis
1730 1769 1968 1814 consociata
1994 1786 2091 1829 pcr-

599 1831 755 1875 lcctam
792 1829 980 1874 reddunt
1012 1830 1284 1874 charitatem.
1321 1830 1462 1874 Unum
1498 1829 1625 1887 igitur
1645 1846 1699 1876 ex
1726 1830 1812 1875 istis
1832 1840 1951 1875 etex
1974 1846 2097 1888 prae·

597 1891 739 1949 cipuis
772 1899 836 1936 est
869 1890 1087 1934 famelicos
1120 1906 1260 1949 paine,
1298 1898 1342 1934 et
1374 1890 1471 1934 cibo
1504 1900 1759 1936 sustentare.
1797 1892 1843 1938 ln
1877 1891 1956 1935 lioc
1991 1906 2094 1935 vero

601 1952 760 1996 Eadem
794 1953 928 1997 Serva
961 1951 1041 1995 Dei
1074 1951 1186 1997 adeo
1219 1951 1421 1995 excelluit
1455 1960 1501 1996 ut
1534 1968 1630 1996 cum
1667 1951 1982 2010 patientissimo
2016 1952 2095 1995 lob

599 2019 644 2055 et
677 2014 771 2071 lpse
805 2011 1016 2057 affirmare
1035 2013 1189 2056 merito
1221 2011 1430 2072 potuisset
1460 2036 1490 2045 -
1510 2013 1567 2056 ab
1611 2012 1788 2057 infantia
1832 2027 1928 2056 meu
1960 2013 2096 2056 crevit

598 2087 768 2118 mecum
803 2072 1037 2125 miseratio,
1074 2081 1117 2117 et
1148 2073 1205 2117 de
1239 2082 1362 2117 utero
1396 2073 1545 2117 matris
1577 2089 1701 2118 meae
1723 2089 1891 2132 egressu
1914 2081 1977 2116 cst
2000 2088 2095 2116 me·-

600 2150 715 2178 cum.
735 2158 766 2167 ··
798 2133 848 2177 Et
880 2148 1031 2177 revera
1066 2132 1133 2178 vrl
1162 2133 1224 2179 ub
1254 2133 1432 2177 infantia
1467 2134 1762 2178 misericordia
1784 2149 1915 2192 super
1937 2148 2094 2191 egenos

601 2203 716 2238 motu
749 2210 822 2239 eos
851 2195 1011 2253 quibus
1043 2202 1209 2252 poterut
1246 2193 1386 2237 modis
1410 2195 1601 2245 iuvabat,
1623 2195 1712 2254 pati
1737 2210 1815 2254 pro
1839 2193 1940 2253 ipsis
1963 2194 2094 2237 etiam

600 2263 765 2312 paratu.
804 2255 918 2313 quod
936 2270 1066 2312 quum
1090 2262 1261 2313 gratum
1287 2254 1475 2298 extiterit
1504 2256 1610 2306 nvo,
1634 2255 1838 2299 miraculo
1862 2256 1958 2313 lpse
1978 2270 2097 2298 com-

598 2316 793 2373 probam
844 2315 904 2358 En
941 2314 1072 2358 verba
1105 2315 1244 2359 Testis
1278 2316 1293 2359 Ι
1341 2314 1531 2374 (Summ.
1557 2331 1676 2360 num.
1705 2317 1744 2359 X
1776 2331 1872 2375 pag.
1899 2316 1976 2363 92,
1996 2316 2093 2374 93.)

606 2396 621 2415 ι
654 2377 711 2420 Lu
744 2392 821 2420 suu
853 2375 997 2419 Carini·
1032 2375 1202 2419 inverso
1236 2376 1274 2419 ni
1310 2376 1476 2436 poveri,
1503 2392 1528 2420 e
1559 2378 1617 2435 gli
1648 2377 1886 2421 sventuruti
1911 2391 1994 2419 non
2021 2392 2095 2420 eru

605 2457 620 2474 ι
652 2451 780 2480 meno
815 2435 1111 2494 meravigliosa
1132 2470 1142 2487 .
1182 2437 1280 2481 Essa
1314 2453 1399 2481 non
1433 2438 1627 2496 prendea
1661 2437 1831 2482 fastidio
1862 2437 1906 2482 di
1942 2437 2058 2481 nulla
2080 2471 2091 2487 ,

606 2518 621 2535 ι
650 2497 844 2541 avrebbe
877 2497 1075 2542 lirumato
1108 2497 1153 2541 di
1189 2498 1329 2556 patire-
1362 2498 1404 2542 in
1438 2499 1531 2543 loro
1564 2512 1684 2550 vece,
1719 2514 1744 2543 e
1775 2498 1887 2543 duva
1922 2497 1959 2541 ai
1994 2513 2094 2540 mc—

607 2578 622 2597 ·
651 2558 803 2603 desimi
837 2566 1004 2617 quanto
1036 2574 1109 2602 eta
1145 2558 1187 2602 in
1220 2575 1298 2603 suo
1334 2568 1498 2618 potere.
1527 2560 1647 2604 Disse
1669 2559 1883 2611 eziandio,
1909 2558 1987 2602 clue
2006 2558 2096 2602 Ena

608 2640 625 2659 ι
655 2620 694 2663 in
727 2620 794 2664 cio
825 2620 1033 2664 commise
1066 2619 1207 2664 uletnui
1241 2620 1398 2679 grandi
1430 2620 1604 2671 occessi,
1640 2636 1710 2665 mu
1734 2621 1811 2665 che
1834 2619 2095 2679 portandovi

606 2702 622 2720 ι
651 2697 735 2725 unu
769 2689 878 2725 rettu
915 2681 1175 2731 intenzione,
1213 2681 1255 2724 lu
1278 2698 1375 2725 cosa
1397 2689 1515 2740 gratu
1540 2697 1564 2725 a
1587 2681 1686 2726 Dio.
1714 2681 1803 2740 Egti
1828 2682 1867 2725 le
1891 2696 1945 2725 ne
1966 2680 2097 2724 dicde

607 2763 623 2780 n
653 2758 734 2785 unu
772 2757 903 2800 prom
938 2741 1250 2801 soi-prendente
1286 2742 1328 2786 in
1363 2758 1418 2786 un
1453 2743 1621 2802 giorno,
1658 2743 1727 2788 nel
1761 2742 1889 2802 quale
1923 2742 1961 2786 la
1997 2757 2097 2785 mc·-

607 2824 623 2840 ·
651 2803 817 2847 desinon
853 2804 1038 2847 recavusi
1073 2820 1095 2847 n
1131 2810 1303 2862 portare
1335 2803 1449 2848 delle
1483 2804 1680 2848 limosine
1713 2820 1737 2848 a
1780 2803 1975 2862 pun-ccclii
2019 2818 2095 2860 po·

605 2884 621 2903 ι
654 2865 741 2908 veri
764 2898 773 2915 ‚
812 2880 835 2908 e
878 2864 956 2908 che
1001 2865 1242 2909 tremum-si
1278 2880 1369 2909 essu
1403 2880 1548 2924 presso
1589 2865 1631 2909 di
1669 2881 1753 2909 unu
1800 2872 1984 2908 curt-cna
2007 2898 2017 2916 ,
2054 2861 2094 2907 la
