2648 3568
330 2384 518 2430 Am'mad
527 2419 535 2429 .

378 2448 484 2509 §⁷-

565 293 625 336 26

566 367 732 423 poterit
766 365 882 409 ἱὼιιι
915 365 1090 415 Censor,
1129 371 1171 407 et
1203 365 1236 407 si
1273 363 1317 407 id
1349 371 1575 407 conaretur
1607 364 1808 407 evincere
1842 365 1895 408 ad
1941 370 2085 425 lpsum

565 425 850 469 refellendum
899 425 955 468 nil
1005 424 1125 468 aliud
1177 424 1472 483 requireretur
1515 424 1592 467 nisi
1642 425 1829 483 simplex
1879 426 2085 474 Acunum

565 486 787 544 pellectio.

686 548 762 589 36.
798 545 885 590 Sed
918 545 1049 589 etiam
1094 545 1176 589 alio
1224 561 1277 589 ex
1320 546 1462 603 capite
1499 545 1782 590 »niver-sanius
1816 555 1961 590 noster
1995 549 2085 592 mi—

562 621 696 649 nuere
729 607 882 649 saltem
918 614 1100 649 conatur
1133 606 1324 649 valorem
1361 605 1537 664 triplicis
1570 606 1864 661 Quebecensis
1907 609 2086 665 lnquisi-

562 667 688 710 tionis
724 666 924 711 videlicet
959 683 1012 710 ex
1047 683 1097 709 eo
1132 667 1250 725 quod
1288 675 1414 711 testes
1438 681 1491 710 ex
1514 665 1649 709 offic-io
1674 667 1844 709 nonnisi
1871 666 1912 710 in
1940 668 2080 726 primo

560 743 663 786 pio(
659 742 762 770 essu
797 737 1025 786 apparent,
1064 736 1105 770 et
1139 728 1320 786 quidem
1345 728 1402 771 de
1426 727 1835 771 t···ssett1‹lumt·1xat
1863 728 2086 773 sannione

560 788 783 831 cuiusdam
819 789 989 847 puellae
1025 796 1250 838 testantur,
1282 803 1367 831 non
1392 796 1536 831 autem
1572 787 1627 830 de
1655 788 1753 839 vita,
1787 803 1835 831 ae
1868 789 2080 842 moribus,

560 857 635 892 aut
668 848 722 891 de
755 850 891 892 Fama
923 848 1166 893 Sanctitatis
1200 851 1362 893 Sei-vae
1398 847 1496 891 Dei.

685 911 760 952 37.
799 909 928 952 Miror
961 909 1150 966 prolecto
1183 909 1300 967 quod
1338 909 1436 953 talia
1470 917 1662 966 opponat
1684 910 1846 952 Censor
1869 910 2084 966 egregius,

558 970 681 1027 quasi
718 984 875 1026 nempe
911 969 1197 1013 necessarium
1232 970 1283 1013 sit
1318 979 1360 1012 ct
1393 969 1571 1027 quidem
1609 970 1651 1012 in
1686 970 1891 1012 omnibus
1924 970 2083 1022 causis,

562 1038 604 1072 et.
639 1029 994 1089 lnquisitionibus
1030 1031 1283 1088 praesertim
1306 1030 1535 1074 Ordinaria
1559 1030 1811 1074 auctoritate
1834 1031 2086 1074 constructis

562 1090 714 1134 adesse
750 1090 996 1134 huiusmodi
1031 1106 1084 1134 ex
1118 1090 1254 1135 oslieio
1289 1099 1432 1134 testes.
1469 1091 1520 1134 lli
1558 1106 1744 1148 namque
1776 1100 1959 1150 possunt
1982 1092 2089 1149 qui-

563 1150 665 1193 dem
699 1169 722 1195 a
758 1151 977 1195 ludicibus
1012 1151 1067 1194 ad
1101 1167 1283 1195 exan'ien
1320 1152 1477 1201 vocari,
1516 1152 1550 1194 si
1577 1159 1719 1194 tamen
1747 1152 1852 1210 lpsis
1877 1151 1936 1194 ita
1959 1167 2089 1209 expe-

562 1211 657 1255 dire
693 1211 906 1263 videatur,
945 1213 1021 1256 sed
1057 1228 1140 1255 non
1178 1220 1381 1256 tenentur
1415 1213 1493 1255 lioe
1527 1213 1681 1262 facere,
1718 1221 1760 1255 et
1794 1212 1827 1255 si
1852 1212 2013 1255 faciunt
2043 1213 2088 1256 id

563 1273 839 1316 solummodo
890 1273 1134 1316 rationabili
1184 1274 1241 1317 de
1290 1289 1415 1316 causa
1456 1282 1747 1331 exequuntur.
1787 1274 1878 1316 lam
1916 1289 2019 1315 vero
2054 1274 2087 1317 si

564 1332 719 1390 triplex
753 1332 865 1376 dieta
901 1334 1124 1391 Inquisitio
1158 1334 1454 1389 Quebccensis
1486 1334 1737 1390 singillatim
1774 1333 2084 1391 investigetur,

563 1394 792 1451 apparebit
827 1395 1020 1452 prolecto
1055 1394 1216 1438 nedum
1252 1396 1504 1452 neutiquam
1542 1394 1670 1437 fuisse
1702 1393 1992 1438 necessarium
2032 1402 2090 1437 te-

564 1462 650 1497 stes
674 1470 727 1497 ex
749 1453 884 1498 officio
908 1454 963 1498 ad
986 1471 1168 1498 examen
1195 1471 1363 1506 vocare,
1386 1455 1461 1498 sed
1486 1470 1564 1498 nec
1586 1456 1750 1499 Causae
1774 1455 1855 1512 ipsi
1891 1453 1934 1497 id
1960 1469 2089 1511 expe-

563 1514 673 1565 dire,
712 1524 752 1558 et
787 1531 885 1559 cum
921 1516 998 1559 hoc
1034 1516 1303 1559 verificatum
1338 1524 1402 1559 est
1437 1516 1477 1558 in
1514 1531 1709 1573 processu
1763 1524 1863 1558 tune
1911 1514 2083 1558 deside—

565 1575 646 1618 rati
680 1592 732 1619 ex
766 1576 903 1620 ollieio
939 1584 1064 1620 testes
1098 1577 1239 1620 locum
1266 1577 1530 1620 habuerunt.
1554 1576 1600 1619 ld
1624 1584 1788 1619 constat
1812 1575 2089 1633 apertissime

566 1651 619 1678 ex
655 1637 1008 1695 responsionibus
1042 1653 1065 1680 a
1100 1638 1278 1695 singulis
1317 1638 1496 1681 testibus
1530 1638 1572 1680 in
1620 1637 1773 1695 triplici
1808 1636 2090 1694 lnquisitione

566 1696 692 1748 datis,
730 1713 842 1755 quae
876 1698 1054 1755 quidem
1100 1699 1313 1742 eiusmodi
1350 1699 1552 1749 suerunt,
1605 1707 1647 1741 ut
1697 1698 1751 1741 ad
1786 1712 1938 1740 eorum
1975 1712 2090 1754 quae

567 1757 647 1816 ipsi
682 1758 965 1815 deponebant
1000 1758 1223 1802 veritatem
1261 1758 1622 1809 confirmandam,
1663 1759 1725 1801 vel
1762 1757 1898 1815 magis
1937 1757 2090 1801 decla-

567 1818 752 1861 randam
790 1820 1078 1863 necessarium
1114 1820 1290 1863 omnino
1325 1835 1408 1862 non
1444 1820 1571 1863 suerit
1605 1819 1709 1862 alios
1745 1827 1872 1862 testes
1905 1834 1959 1861 ex
1991 1818 2090 1861 offi-

567 1879 633 1922 cio
670 1879 891 1930 inducere,
930 1888 970 1922 et
1005 1880 1060 1923 ad
1095 1897 1278 1924 examen
1315 1896 1487 1924 vocare.
1525 1882 1586 1923 Ex
1630 1880 1692 1923 his
1736 1879 1929 1938 protea-‘J
1975 1888 2093 1937 patet

567 1940 725 1982 merito
761 1941 1073 1985 Adversarium
1109 1950 1304 1985 nostrum
1342 1942 1383 1984 in
1418 1941 1665 1984 huiusmodi
1700 1940 1952 1984 difficultate
1993 1956 2092 1998 pro-

570 2001 773 2058 ponenda
806 2018 892 2045 non
930 2003 1055 2045 valde
1090 2003 1306 2053 institisse,
1344 2002 1419 2046 sed
1454 2003 1596 2045 obiter
1628 2002 1856 2046 dumtaxat
1898 2016 1995 2044 eam
2030 2010 2092 2044 at-

570 2060 742 2119 tigisse,
783 2070 960 2106 noverat
993 2062 1110 2107 enim
1147 2063 1189 2105 in
1225 2079 1301 2106 suo
1335 2063 1537 2106 acumine
1572 2063 1763 2120 ingenii,
1815 2078 1861 2106 ac
1894 2062 2090 2106 doctrina

568 2121 723 2165 eadem
761 2123 997 2167 nullimode
1033 2123 1243 2167 validitati
1282 2126 1560 2167 processuum
1599 2124 1832 2182 praecipue
1856 2123 2091 2166 Ordinaria

564 2184 818 2227 auctoritate
852 2193 1198 2228 constructorum
1233 2186 1403 2228 obesse.
1444 2186 1683 2242 Eapropter
1717 2185 1770 2228 ad
1806 2183 1924 2227 alind
1970 2199 2092 2241 argu-

569 2246 699 2287 menti
734 2261 868 2302 genus
901 2246 1083 2305 gradum
1118 2245 1231 2298 facit,
1270 2254 1403 2305 atque
1437 2246 1495 2289 ita
1521 2246 1731 2303 triplicem
1757 2246 2092 2300 Quebecensem

569 2306 900 2363 Inquisitionem
936 2307 1147 2364 impetere
1180 2316 1375 2350 conatur.

697 2368 770 2410 38.
808 2368 939 2410 Innui
974 2368 1190 2425 superius.
1229 2367 1349 2411 ldem
1385 2367 1458 2419 ait,
1496 2369 1540 2412 S.
1580 2370 1633 2410 D.
1671 2365 1972 2423 biographiam
2002 2382 2025 2408 a
2048 2380 2093 2408 se

574 2428 887 2485 conscriptam,
926 2435 968 2471 et
1002 2436 1150 2486 postea
1193 2445 1216 2472 a
1257 2428 1344 2471 filio
1394 2431 1451 2472 D.
1504 2428 1684 2473 Claudio
1730 2427 1886 2471 Martin
1919 2425 2093 2470 Ordinis

573 2491 616 2534 S.
656 2489 879 2532 Benedicti
913 2488 1095 2532 editam.
1132 2491 1229 2544 Qua
1266 2498 1410 2533 tamen
1446 2491 1487 2533 in
1524 2505 1567 2533 re
1602 2489 1658 2532 ita
1692 2487 2000 2532 animadvertit
2022 2502 2094 2544 op·

572 2557 758 2608 portune
792 2549 1049 2594 Benedictus
1082 2552 1201 2593 Xtv.
1239 2551 1283 2595 Si
1319 2566 1450 2608 opera
1488 2550 1648 2594 luerint
1682 2557 1776 2607 post
1809 2550 1901 2592 eius
1926 2548 1990 2607 (S.
2015 2548 2093 2607 1).)

574 2610 744 2654 obitum
780 2611 1062 2669 autogiapba,
1102 2612 1394 2670 perquirenda
1428 2621 1544 2663 sunt,
1572 2620 1614 2654 et
1637 2619 1850 2669 quatenus
1874 2609 2097 2667 reperian-

572 2680 642 2715 tur
674 2671 944 2724 exliibenda3
984 2687 1112 2715 nemo
1144 2672 1358 2731 siquidem
1395 2688 1480 2715 non
1506 2645 1625 2716 videt
1646 2672 1835 2730 potuisse
1859 2672 2094 2714 Auctorem

572 2732 662 2776 tabi
697 2733 740 2775 in
772 2732 963 2793 aliquem
996 2749 1187 2777 errorem
1222 2742 1370 2778 eontra
1403 2733 1582 2785 Fidem,
1629 2733 1696 2777 vel
1745 2734 1883 2776 bonos
1917 2747 2059 2775 moues
2080 2765 2090 2782 ,

574 2802 667 2837 tum
701 2794 849 2845 etiam,
888 2794 1029 2853 ipsum
1065 2810 1273 2846 errorem,
1312 2803 1486 2840 auctore
1520 2794 1674 2846 inscio,
1723 2803 1872 2852 utpote
1920 2801 2093 2837 mortuo

573 2854 727 2914 corrigi
762 2855 951 2912 potuisse
984 2856 1195 2900 industria
1227 2857 1378 2901 saltem
1415 2857 1587 2900 illorum
1622 2856 1696 2914 qui
1730 2856 1969 2900 editionem
2010 2869 2096 2897 cu-

575 2924 726 2959 rarunt
761 2917 876 2975 (Lib.
916 2918 950 2960 ll
983 2934 1022 2962 e.
1058 2919 1118 2961 26
1152 2934 1195 2961 ιι.
1232 2919 1298 2978 6).
1341 2917 1545 2962 Abundat
1579 2933 1706 2977 porro
1734 2916 1993 2976 biograpliia
2017 2916 2097 2959 ista
