2656 3568
607 283 666 326 52

596 356 756 413 scripta
790 353 1014 396 dumtaxat
1053 351 1301 403 traditione,
1329 352 1405 395 sed
1439 352 1568 395 etiam
1605 358 1646 393 et
1680 350 1910 408 praecipue
1935 366 1986 393 ex
2021 352 2127 396 orali

599 415 791 461 hausisse
823 413 1057 456 sanctitatis
1092 414 1251 458 Sorvae
1288 413 1368 456 Dei
1401 414 1578 456 Famam
1613 420 1674 455 est
1710 410 1813 454 ittud
1849 411 1966 469 quod
2003 427 2129 470 repo-

602 478 687 522 suit
720 490 818 519 cum
853 482 999 531 rogata
1025 473 1103 517 tuit
1125 476 1230 533 quid
1256 475 1350 533 ipsa
1371 474 1547 517 somn-et
1570 473 1626 517 de
1648 474 1780 515 Fama
1809 471 2064 520 sanctitatis,
2087 480 2130 516 et

602 536 872 582 heroicarum
905 534 1118 578 virtutum
1154 538 1313 581 servae
1338 536 1436 586 Dei,
1459 534 1680 579 videlicet:
1708 553 1722 570 α
1750 534 1793 574 to
1812 532 1866 575 ho
1890 540 2020 575 avuto
2043 532 2131 574 tino

605 619 621 638 ι
650 597 764 642 dalla
800 596 887 640 mia
922 595 1103 640 intanzia
1111 630 1203 639 .....
1234 597 1271 640 l'a
1306 597 1380 654 pin
1414 597 1496 640 nita
1523 594 1725 653 possibile
1751 593 1844 636 idea
1874 591 1987 636 della
2013 592 2128 636 virtt'l

608 681 624 700 ι
651 659 695 703 (11
729 666 880 717 questa
917 657 1053 714 prima
1089 658 1236 702 Madre
1269 659 1349 701 che
1387 658 1421 699 Ie
1455 656 1687 701 tradiziom'
1721 654 1763 697 di
1798 661 1949 711 questo
1984 654 2130 696 Mona-

606 741 622 761 »
651 729 763 765 stero
797 719 833 762 ei
869 720 1011 762 hanno
1044 735 1217 778 sempre
1239 725 1569 777 rappresentato
1593 731 1715 761 come
1743 730 1798 757 un
1822 714 2014 771 compito
2040 729 2129 755 mo-

607 802 624 822 »
654 780 768 827 delio
802 780 846 824 di
880 779 994 823 vii-til
1031 780 1260 837 Religiose.
1300 781 1329 822 ΙΙ
1367 780 1511 823 valore
1545 777 1657 822 delle
1709 783 1851 819 nostre
1902 773 2128 817 tradizioni

611 865 626 882 ι
656 843 689 887 si
724 842 935 900 appoggia
969 857 1095 900 sopra
1130 842 1168 884 la
1204 842 1334 899 lunga
1371 841 1457 883 vita
1493 839 1606 883 deila
1633 837 1824 895 maggior
1861 844 1980 892 parte
2011 834 2129 878 delle

612 925 627 942 ι
657 903 833 948 anziane
868 902 982 946 delle
1014 902 1130 960 quadi
1169 902 1206 944 io
1240 901 1427 945 ‹·0nobbi
1463 917 1518 944 un
1555 908 1669 943 certo
1705 911 1905 946 numero,
1943 911 1966 938 e
2000 895 2133 953 qual-

610 986 625 1004 t
656 980 769 1008 euna
804 963 846 1006 di
881 970 1033 1020 queste
1070 963 1166 1005 vive
1200 979 1373 1007 ancora.
1403 982 1419 1001 ι
1458 964 1570 1019 Ergo
1605 976 1657 1003 ex
1690 976 1777 1018 quo
1813 956 1908 1000 idea
1961 957 2134 999 Sam-21-

606 1026 703 1070 tatis
737 1027 896 1069 Sei-vae
931 1024 1012 1066 Dei
1047 1025 1215 1070 Sororis
1249 1024 1407 1067 Mariae
1441 1024 1497 1067 ab
1535 1021 1831 1066 lucarnatione
1873 1026 2016 1060 ortum
2052 1018 2136 1060 ha—

605 1088 700 1131 huit
734 1086 773 1129 in
809 1092 957 1129 mente
993 1086 1109 1128 testis
1146 1101 1245 1129 num
1283 1102 1334 1129 ex
1371 1084 1602 1127 traditione
1635 1082 1816 1139 scripta,
1847 1078 1912 1120 vel
1941 1093 2024 1121 non
2060 1093 2133 1135 po-

609 1149 692 1192 tius
722 1163 774 1191 ex
809 1146 916 1190 orali
950 1162 1060 1204 quae
1095 1146 1373 1204 longaevitati
1408 1147 1628 1188 seniorum
1665 1141 1917 1185 monialium
1953 1147 2046 1181 erat
2072 1138 2136 1180 in-

608 1209 741 1252 nixa?
773 1207 858 1254 Sed
895 1207 1003 1265 quid
1038 1216 1206 1251 tantum
1243 1209 1282 1250 in
1321 1223 1365 1250 re
1399 1222 1476 1264 per
1509 1220 1554 1249 se
1579 1203 1819 1251 manifesta,
1847 1208 1888 1243 et
1922 1207 2035 1243 certa
2076 1199 2137 1241 in-

612 1284 780 1313 cassum
827 1269 1068 1312 immoror?
1112 1268 1349 1312 Videamus
1384 1268 1526 1325 potius
1561 1265 1667 1324 qnid
1702 1280 1754 1307 ex
1791 1262 1883 1305 Vll}
1921 1259 2037 1303 testis
2071 1274 2137 1302 re-

613 1332 699 1374 latu
735 1337 929 1388 opponat
963 1329 1304 1373 Aniinadversor
1340 1326 1747 1387 praestantissimuS.
1787 1326 1846 1366 lta
1881 1322 2009 1380 igitur
2042 1336 2139 1380 pro—

609 1392 819 1451 sequitur:
851 1412 866 1429 α
888 1393 1030 1450 Atque
1055 1392 1168 1435 Vltl:
1198 1394 1259 1435 Da
1282 1391 1402 1434 venti
1437 1390 1535 1437 amni
1560 1389 1583 1432 ὸ
1603 1395 1710 1430 stato
1739 1384 1990 1444 pubblicum
2021 1388 2139 1425 tanto

617 1474 632 1491 ι
663 1454 730 1496 nel
765 1452 954 1502 Canadiu,
993 1452 1070 1497 che
1105 1452 1145 1495 in
1180 1453 1384 1503 Francia,
1422 1452 1475 1495 ed
1508 1451 1674 1494 altrove
1708 1463 1765 1491 un
1801 1461 1904 1504 gran
1958 1457 2139 1485 numero

621 1535 635 1552 ¹·
666 1513 708 1557 di
736 1529 869 1572 opere
894 1513 977 1558 allo
1000 1530 1129 1573 scopo
1152 1514 1194 1557 di
1221 1515 1447 1559 ravvivare
1470 1513 1508 1557 le
1534 1511 1702 1555 antiche
1727 1505 1937 1552 memorio
1967 1524 1982 1542 ι
2006 1502 2137 1562 (lbid.

615 1576 687 1619 sol.
728 1576 825 1634 74.)

736 1637 785 1680 84
808 1670 812 1678 .
850 1636 987 1680 Etiam
1011 1637 1064 1681 ad
1089 1638 1202 1681 hunc
1226 1646 1381 1681 testem
1406 1634 1555 1679 referri
1580 1631 1808 1676 commode
1833 1634 2007 1687 possunt
2030 1640 2143 1684 quae

613 1699 667 1742 de
702 1697 924 1755 superiore
955 1699 1008 1740 Vl
1044 1699 1295 1750 innuebam,
1323 1698 1478 1755 scripta
1512 1694 1712 1739 videlieet
1746 1695 1926 1738 Servum
1956 1687 2034 1729 Dei
2066 1687 2144 1730 So·

615 1773 755 1802 rorem
792 1758 969 1801 Mariam
995 1759 1050 1801 ab
1074 1760 1416 1803 {nem-nationem
1455 1755 1743 1815 respicientia,
1768 1768 1851 1795 non
1889 1751 1974 1793 iam
2015 1746 2145 1804 origi-

617 1835 715 1863 nem
752 1818 925 1862 dedisse
958 1821 1116 1863 Famae
1151 1820 1401 1866 Sanctitatis
1435 1819 1534 1861 Eius
1567 1832 1677 1875 quae
1703 1815 1789 1857 ian.
1814 1812 2005 1856 asunere
2029 1808 2142 1851 itlius

614 1880 842 1924 altissimas
882 1890 1024 1938 egerat
1065 1881 1254 1932 radices,
1293 1880 1369 1924 sed
1407 1878 1633 1923 inservisse
1679 1876 1907 1919 dumtaxat.
1952 1870 2006 1914 ad
2040 1870 2147 1911 Eam

619 1941 751 2000 magis
786 1941 1070 1994 dilatandam,
1109 1952 1152 1985 et
1186 1943 1311 1987 latius
1346 1938 1730 1985 disseminandam.
1766 1934 1813 1978 ld
1847 1935 2148 1978 demonstrant

619 2003 684 2046 vel
721 2004 810 2060 ipsa
845 2003 1013 2047 oliveta
1050 2004 1165 2047 testis
1199 2004 1333 2047 verbe
1356 2037 1366 2055 ,
1405 2002 1523 2062 quod
1557 1999 1731 2043 scilicet:
1774 2017 1790 2035 α
1823 2011 1878 2038 un
1914 2008 2017 2051 gran
2069 2006 2147 2033 nu-

623 2084 638 2102 ·
668 2078 784 2107 mero
820 2064 864 2107 di
900 2081 1032 2122 opere
1068 2066 1175 2109 teste
1211 2065 1463 2123 pubblicate
1499 2062 1581 2106 allo
1616 2076 1744 2118 scopo
1780 2057 1824 2101 di
1852 2053 2079 2099 i·.‹vviva1·e
2104 2051 2143 2094 ie

624 2144 640 2163 ι
667 2125 837 2168 antiche
871 2126 1100 2170 memorie.
1128 2148 1143 2164 ι»
1183 2129 1293 2184 Ergo
1328 2125 1572 2169 existebant
1593 2123 1677 2165 iam
1700 2139 1709 2164 :
1755 2141 1768 2157 α
1799 2119 1838 2161 le
1863 2114 2031 2160 antiche
2057 2128 2148 2156 me-

625 2207 639 2224 ·
670 2186 822 2237 morie,
857 2207 871 2224 ¹·
912 2203 1023 2245 quae
1058 2203 1213 2246 magno
1248 2188 1322 2231 1110
1358 2200 1540 2244 operum
1575 2198 1756 2228 uumero
1783 2180 1824 2222 in
1848 2176 2030 2221 diversis
2049 2190 2148 2232 par-

621 2247 738 2290 tibus
760 2247 995 2305 publicato,
1024 2259 1066 2292 et
1092 2250 1256 2307 publici
1282 2248 1387 2292 iuris
1407 2247 1531 2297 facto,
1567 2267 1580 2283 u
1609 2245 1761 2288 turono
1790 2239 2015 2284 ravvivate
2041 2257 2055 2274 ι
2087 2234 2150 2277 id-

617 2325 702 2368 que
750 2308 1030 2353 confirmatur
1073 2327 1125 2353 ex
1174 2326 1287 2369 pone
1339 2307 1627 2367 sequentibus
1673 2302 1853 2352 verbis,
1897 2321 1910 2338 τι
1947 2298 1985 2341 le
2017 2295 2151 2356 {quati

625 2389 642 2407 ι
672 2370 922 2429 (memorie)
948 2371 1090 2415 {nanno
1115 2371 1220 2415 fatto
1243 2371 1422 2415 brillare
1445 2370 1490 2414 di
1511 2384 1567 2412 un
1596 2382 1738 2411 nuovo
1761 2361 1991 2422 splendore
2016 2356 2154 2400 i'emi-

626 2451 641 2468 n
672 2440 801 2474 nente
834 2432 1001 2476 Sentit&
1036 2433 1150 2477 detta
1186 2435 1319 2478 Serva
1355 2432 1400 2475 di
1435 2432 1535 2474 Dio.
1578 2430 1740 2485 Queste
1789 2438 1920 2483 opere
1968 2417 2150 2463 essendo

625 2512 641 2530 ι
673 2492 715 2534 in
749 2499 920 2552 quattu-0
956 2493 1102 2553 lingue
1137 2494 1373 2545 differenti,
1411 2494 1553 2537 hanno
1589 2490 1662 2548 pin
1695 2489 1773 2531 che
1807 2485 1892 2528 mai
1926 2497 2022 2525 reso
2068 2494 2155 2537 po-

626 2574 641 2591 »
670 2553 818 2611 polare
854 2554 879 2596 11
916 2570 993 2599 suo
1026 2570 1171 2607 nome,
1200 2573 1222 2600 e
1257 2556 1296 2600 le
1330 2570 1408 2599 sue
1441 2553 1613 2597 vii-11¹1.»
1643 2551 1686 2596 Si
1710 2557 1854 2593 autem
1874 2546 2028 2589 horum
2048 2555 2153 2599 ope-

622 2629 719 2658 rum
764 2615 911 2659 medio
959 2617 1137 2677 insignis
1171 2619 1330 2662 Sorvae
1386 2616 1465 2659 Dei
1514 2613 1724 2660 Sanctitas
1776 2624 1885 2652 novo
1919 2602 2153 2664 splendore

620 2675 809 2729 refulsit,
850 2693 953 2736 ergo
988 2678 1080 2722 iure
1119 2678 1360 2723 dicendum
1402 2677 1520 2736 quod
1572 2684 1671 2718 ante
1720 2686 1869 2716 eorum
1915 2665 2155 2711 editionem

621 2737 773 2781 eadem
810 2739 1018 2783 Sanctitas
1053 2741 1139 2784 iam
1173 2757 1248 2784 suo
1281 2739 1516 2799 splendore
1567 2735 1785 2794 fulgebat:
1822 2731 1998 2787 insuper
2032 2726 2065 2769 si
2099 2739 2153 2767 ex

616 2813 668 2842 eo
702 2801 821 2858 quod
856 2801 897 2843 in
932 2810 1120 2860 quatuor
1153 2802 1334 2846 diversis
1370 2799 1650 2845 idiomatibus
1689 2795 1806 2840 dicta
1840 2805 1973 2850 opera
2018 2796 2154 2830 trans·

619 2860 703 2904 lata
736 2861 878 2907 lucem
912 2872 1188 2921 aspexerunt,
1229 2884 1244 2902 α
1277 2864 1304 2907 it
1340 2878 1418 2908 suo
1453 2875 1641 2912 nome,e
1675 2858 1715 2901 la
1748 2871 1823 2900 sua
1857 2850 1974 2896 virui
2013 2848 2048 2893 si
2082 2862 2151 2891 re-

629 2942 645 2961 »
673 2937 767 2966 sero
803 2925 877 2982 pin
900 2924 975 2968 che
1001 2926 1083 2969 mai
1112 2926 1334 2983 popolare;
1370 2946 1385 2964 ι
1414 2939 1517 2983 ergo
1541 2917 1863 2966 admittendum
1884 2921 1962 2965 est,-
1986 2920 2150 2956 utrum-
