2648 3600
753 356 1105 415 coi'isequendnm
1130 356 1294 398 bonum
1320 363 1537 412 speratum
1556 379 1582 387 -
1598 357 1691 412 Qua
1727 355 1957 413 praemissa
1987 354 2086 414 Spei
2113 355 2253 399 Thro-

755 417 915 476 logicae
950 416 1124 460 notione
1149 415 1513 474 investigandum,
1543 431 1644 460 num
1670 415 1819 459 eadem
1844 415 1886 460 in
1911 416 2044 460 Serva
2075 415 2155 460 Dei
2183 416 2255 459 be-

757 480 868 523 roien
901 493 953 520 ex
990 476 1158 520 testium
1184 475 1527 534 depositionibus
1550 476 1755 521 extiterit.

632 567 643 582 ι
699 572 708 582 .
748 538 812 583 Ad
848 539 926 581 boc
961 552 1063 579 vero
1096 535 1227 579 tutius
1260 537 1592 596 assequendum,
1631 538 1671 581 in
1706 552 1888 581 examen
1924 537 2170 582 vocandum
2193 544 2256 580 est.

756 598 863 656 quid
897 597 973 640 bae
1005 597 1193 655 desuper
1228 612 1272 639 re
1305 606 1459 642 statuat
1493 614 1540 642 ae
1573 598 1776 655 disponat
1811 597 1916 642 luris
1951 597 2080 641 nostri
2110 596 2256 640 Mode-

757 666 872 702 rator
905 657 1162 701 Benedietus
1193 658 1310 701 xlv.
1362 659 1437 702 llic
1471 658 1615 717 itaque
1649 659 1728 702 lib.
1765 660 1809 703 3.
1847 675 1941 717 cap.
1978 659 2036 702 23
2070 655 2253 701 affin-mat

756 727 798 763 et
831 718 955 763 docet
988 719 1105 778 quod
1151 717 1252 777 Spei
1285 719 1566 776 Tlieologieae
1613 719 1868 774 beroieitas,
1905 735 1954 763 ae
1994 717 2256 777 praestantia

756 796 807 824 ex
844 780 1061 825 nonnullis
1092 780 1223 838 signis
1256 788 1420 837 aperte,
1457 788 1498 822 et
1529 780 1620 824 sine
1652 780 1807 824 erroris
1840 780 2032 838 periculo
2060 777 2253 835 dignosci

759 849 894 900 potest
918 875 929 893 ‚
966 856 1103 899 eaque
1137 840 1403 898 potissimum
1428 840 1659 884 consistunt
1696 841 1737 884 in
1764 840 1954 899 perfeeto
1984 839 2135 883 mundi
2158 854 2258 882 con-

763 910 945 959 temptu,
982 901 1023 945 in
1061 901 1299 944 voluntaria
1335 915 1477 944 rerum
1502 901 1802 959 temporalium
1825 901 2118 949 abdicatione,
2146 913 2258 957 quae

760 962 992 1020 praecipue
1025 961 1071 1005 fit
1105 962 1145 1005 in
1181 961 1361 1004 solemni
1403 961 1670 1006 Prole-ssione
1717 961 1964 1019 Religiosa:
2003 961 2182 1018 insuper
2217 959 2259 1002 in

761 1022 884 1066 lirina
922 1021 1079 1066 lidueia
1124 1031 1327 1066 aeternae
1361 1021 1471 1066 vitae
1515 1038 1592 1080 per
1624 1022 1782 1068 ctu-isti
1826 1022 2014 1074 merita,
2061 1029 2105 1065 et
2145 1019 2260 1063 bona

761 1098 892 1141 opera
920 1083 1244 1142 assequendae3
1285 1082 1325 1126 in
1359 1083 1509 1140 quavis
1542 1083 1638 1127 lieet
1669 1091 1861 1128 extrema
1896 1081 2149 1128 necessitate
2184 1095 2262 1138 op-

761 1152 994 1203 portunum
1018 1161 1042 1188 a
1067 1145 1158 1193 Deo
1181 1143 1386 1187 auxilium
1423 1143 1708 1201 expectand03
1747 1151 1969 1203 praeterea
2002 1143 2043 1186 in
2068 1139 2258 1185 studiosa

763 1204 867 1248 alios
899 1204 954 1248 ad
988 1220 1108 1263 spem
1142 1204 1334 1263 erigendi
1369 1203 1653 1253 solit-immae,
1692 1220 1740 1247 ae
1763 1203 2082 1263 perseverantia
2119 1201 2161 1244 in
2190 1200 2265 1244 ad·
2322 1215 2327 1220 ·

763 1265 911 1316 versi&
935 1264 1124 1323 denique
1148 1264 1189 1307 in
1215 1271 1435 1308 constante
1466 1263 1682 1307 desiderio
1706 1266 1799 1309 Deo
1833 1264 2027 1308 intimius
2050 1276 2143 1307 sese
2165 1276 2263 1305 con-

765 1325 971 1384 iungendi
1005 1325 1060 1368 ad
1096 1325 1224 1368 instar
1256 1324 1450 1384 Apostoli
1484 1324 1605 1368 Pauli
1638 1324 1712 1384 qui
1744 1325 1919 1370 dissolvi
1954 1324 2184 1382 cupiebat,
2219 1329 2264 1366 et

763 1401 853 1429 esse
886 1400 984 1429 cum
1020 1385 1202 1429 Christo.
1241 1386 1328 1431 lam
1362 1400 1465 1428 vero
1499 1385 1603 1429 baec
1635 1386 1795 1438 omnia,
1834 1395 1877 1431 et
1910 1386 2079 1444 singula
2115 1383 2172 1426 ita
2205 1382 2265 1425 in·

766 1446 997 1490 veniuntur
1032 1446 1073 1490 in
1095 1447 1229 1491 Son-va
1255 1447 1332 1490 Dei
1366 1448 1521 1491 Sorore
1545 1447 1671 1491 Maria
1694 1447 1750 1492 ab
1773 1446 2070 1491 lncarnatione
2100 1451 2143 1487 et
2165 1443 2262 1501 qui-

764 1506 864 1551 dem
898 1507 1139 1558 manifeste,
1176 1515 1219 1550 et
1245 1508 1286 1550 in
1320 1505 1456 1565 gradu
1481 1507 1688 1552 eminenti
1709 1508 1884 1552 collecta
1900 1542 1912 1560 ,
1940 1515 1984 1550 ut
2007 1505 2080 1566 qui
2106 1503 2162 1548 de
2185 1504 2265 1547 boc

766 1568 835 1612 ve!
871 1568 1099 1611 minimum
1133 1568 1318 1612 dubium
1356 1577 1563 1620 moveret,
1599 1577 1743 1627 posset
1774 1568 2033 1613 eoeeutienti
2067 1565 2129 1610 illi
2164 1564 2265 1608 assi-

765 1628 906 1673 milari
940 1629 1012 1687 qui
1046 1628 1101 1672 de
1135 1628 1364 1672 meridiani
1407 1628 1508 1671 solis
1540 1629 1689 1672 aestivi
1735 1628 1828 1673 luce
1870 1643 2025 1673 sereno
2070 1634 2266 1684 tempore

766 1688 1068 1733 certitudinem
1104 1691 1188 1732 non
1224 1689 1420 1733 baberet.
1457 1689 1581 1733 Adeo
1616 1705 1805 1749 namque
1839 1696 2113 1749 perspectum
2148 1695 2266 1731 etex

768 1750 933 1808 integra
965 1750 1124 1794 Sorvae
1156 1750 1236 1794 Dei
1272 1750 1388 1793 vitae
1434 1749 1543 1794 serie
1575 1750 1843 1809 explorat-um
1888 1758 1952 1795 est
1984 1749 2063 1793 boc
2109 1756 2156 1791 ut-
2189 1747 2267 1790 Ea-

769 1811 868 1854 dem
904 1810 1084 1869 proponi
1128 1811 1283 1854 merito
1327 1810 1458 1869 possit
1493 1812 1621 1855 veluti
1655 1811 2019 1871 perfectissimum
2063 1818 2105 1852 et
2143 1821 2269 1850 num-

769 1887 898 1930 quam
934 1871 1226 1929 interruptum
1258 1871 1522 1915 Christianae
1556 1874 1656 1930 Spei
1691 1872 1942 1931 exemplum
1975 1870 2140 1914 cunctis
2178 1868 2268 1911 sive

774 1932 1025 1990 virginibus,
1061 1932 1149 1975 sive
1183 1933 1343 1990 nuptis,
1367 1931 1455 1976 sive
1488 1932 1648 1986 viduis,
1674 1933 1767 1978 sive
1798 1932 2023 1992 Religiosis
2045 1929 2261 1979 foeminis,

768 1992 903 2034 immo
926 1999 969 2034 rt
995 1993 1095 2035 viris
1115 1992 1391 2050 ApostolieiS,
1416 2002 1545 2053 atque
1580 1994 1637 2038 ita
1672 2002 1717 2037 ut
1748 1994 1794 2038 Ei
1828 1993 1966 2053 aptari
1996 1991 2127 2051 possit
2150 1988 2268 2049 quod

769 2052 961 2096 Christus
997 2052 1102 2096 dixit
1137 2053 1410 2098 Cliananeae.
1454 2075 1469 2092 ι
1492 2056 1528 2098 Ο
1561 2055 1718 2098 mulier
1750 2071 1906 2114 magna
1938 2062 2002 2098 est
2033 2052 2162 2096 Fides
2182 2084 2192 2102 ‚
2228 2057 2272 2094 et·

770 2113 945 2156 Fiducia
969 2122 1057 2165 tua,
1086 2113 1159 2158 fiat
1192 2114 1271 2158 tibi
1304 2114 1411 2158 sieut
1446 2114 1651 2173 petiisti.»
1681 2117 1728 2159 Et
1752 2130 1903 2160 revera
1925 2115 2083 2159 laetum
2116 2120 2180 2156 est
2202 2109 2265 2154 llli

775 2174 817 2216 in
841 2175 1043 2217 omnibus
1066 2176 1171 2219 sicut·
1193 2191 1217 2219 a
1244 2176 1430 2219 Domino
1455 2176 1636 2234 petierat
1671 2175 1714 2219 in
1746 2175 2018 2236 quadruplici
2049 2174 2167 2217 vitae
2188 2179 2269 2215 sta·

776 2243 819 2277 tu
854 2235 1227 2294 quemadmodum
1263 2251 1316 2278 ex
1350 2237 1531 2279 testibus
1563 2246 1760 2295 apparet.

649 2296 727 2339 53.
763 2295 908 2339 Primo
933 2296 1064 2353 igitur
1086 2312 1136 2340 ex
1160 2295 1358 2340 doctrina
1392 2297 1611 2341 Benedicti
1632 2298 1729 2341 xlv
1754 2297 1966 2356 perfectus
1989 2294 2143 2339 mundi
2175 2308 2273 2337 con-

775 2364 963 2415 temptus
996 2358 1299 2415 Theedogieam
1324 2360 1453 2415 Spem
1485 2358 1701 2402 heroicam
1722 2358 1898 2402 alieuius
1925 2357 2048 2402 Servi
2083 2354 2165 2400 Dei
2199 2353 2276 2398 de·

773 2426 1000 2461 monstrat.
1041 2419 1115 2461 llie
1147 2426 1291 2462 autem
1329 2426 1470 2461 tantus
1503 2419 1641 2463 extitit
1677 2428 1851 2479 tamque
1881 2419 2030 2463 lirinus
2064 2418 2105 2461 in
2141 2416 2275 2459 Serva

778 2479 854 2521 Dei
891 2488 937 2522 ut
970 2494 1068 2522 cum
1102 2480 1160 2523 Ea
1194 2489 1317 2522 natus
1349 2479 1692 2539 quodammodo,
1728 2496 1824 2524 eum
1849 2481 1908 2524 Ea
1930 2494 2105 2538 quoque
2127 2475 2275 2520 adole-

778 2539 917 2592 verit,
955 2548 998 2583 et
1030 2540 1243 2592 senuerit3
1283 2540 1325 2584 id
1370 2540 1488 2599 quod
1520 2549 1772 2585 cunctorum
1815 2540 2067 2585 auctoritate
2102 2535 2279 2582 testium

777 2609 921 2659 posset
955 2600 1065 2644 sacili
1099 2601 1271 2659 negotio
1303 2602 1608 2646 demonstrari.
1655 2602 1836 2646 Omissis
1865 2601 2093 2646 brevitatis
2126 2612 2279 2642 amore·

776 2676 888 2720 «piae
921 2661 1064 2707 all'erri
1099 2669 1274 2721 possent
1308 2664 1360 2707 ad
1397 2662 1687 2707 evincendum
1721 2663 1967 2708 huiusmodi
2002 2660 2153 2705 mundi
2176 2673 2281 2703 con-

779 2730 993 2781 temptum
1027 2723 1214 2767 extitisse
1238 2724 1278 2766 in
1312 2725 1445 2769 Serva
1482 2724 1560 2767 Dei
1585 2726 1714 2768 etiam
1750 2725 1805 2768 ab
1834 2722 2011 2768 infantia
2043 2730 2083 2766 et
2121 2718 2276 2779 puerili

781 2790 923 2827 aetate
954 2784 996 2827 in
1036 2800 1122 2843 qua
1148 2801 1171 2828 a
1205 2784 1317 2828 ludis
1349 2801 1393 2828 se
1417 2785 1651 2836 abstinens,
1687 2801 1735 2829 ae
1757 2785 1917 2829 solatiis
1937 2820 1949 2838 ,
1986 2798 2154 2828 necnon
2178 2795 2281 2824 cun-

777 2845 855 2889 ctis
886 2844 967 2888 illis
1000 2845 1263 2889 vanitatibus
1284 2862 1390 2905 quas
1415 2847 1585 2905 puellae
1619 2856 1661 2890 ut
1687 2845 1923 2905 plurimum
1958 2852 2214 2903 sequuntur,
2237 2848 2281 2885 et

779 2914 946 2958 amant,
974 2908 1112 2959 unice,
1147 2917 1243 2966 post
1278 2907 1535 2967 adimpletas
1559 2908 1621 2951 sui
1646 2914 1780 2952 status
1812 2906 2115 2967 obligationes,
2138 2904 2180 2948 in
2202 2903 2277 2948 de-
