2656 3584
900 302 1121 333 ssmsToiaxE
1155 299 1505 331 ros'rrcxromxss.
1903 283 1960 326 47

566 374 791 418 Prosterne
822 390 906 417 aux
941 373 1061 433 pieds
1084 372 1139 416 de
1168 372 1298 416 von-«12
1334 369 1564 416 Beatitnde
1591 369 1817 429 j'innpiore
1851 386 1961 429 pour

440 435 545 484 moi,
586 450 693 493 pour
729 451 828 478 ιιίοιι
864 435 1004 493 cierge
1045 442 1086 477 et
1129 448 1237 491 pour
1271 448 1371 476 mon
1414 431 1571 489 peupie
1605 431 1645 475 la
1681 430 1958 475 Beni-diction

439 495 734 555 Apostoiique,
750 505 793 539 et
816 495 898 539 suis
916 510 1018 539 avec
1040 509 1126 538 une
1147 492 1359 552 protende
1375 501 1414 536 et
1437 492 1663 549 religieuse
1683 492 1952 544 venerationi,

866 589 920 633 de
956 590 1087 633 Votre
1122 589 1329 638 Saintete‚

439 678 578 721 Tours
613 677 649 721 ie
682 678 742 720 26
779 679 888 720 Αυὺῑ
925 676 1058 720 1876.

1121 737 1178 781 Le
1214 737 1298 780 tres
1342 734 1568 784 inmunes,
1619 735 1703 778 tres
1746 738 1964 782 obeissant

1201 806 1242 841 et
1268 797 1352 841 tres
1376 796 1505 841 {idi-tu
1528 796 1743 839 serviteur
1767 806 1810 841 et
1838 798 1903 842 tits

1078 860 1113 918 ἦ·
1178 858 1353 904 Chai-tes
1376 857 1661 916 Archeveque
1695 856 1750 902 de
1783 860 1937 903 Toum.

792 1043 1076 1093 Beatissime
1123 1043 1266 1093 Pater
1284 1079 1297 1103 ,

562 1165 631 1209 Ad
668 1164 801 1223 pedes
833 1164 1074 1208 Sanctitatis
1118 1164 1296 1207 Vestrae
1344 1164 1594 1221 provolutus
1639 1166 1698 1209 D.
1736 1166 1965 1210 Anselmus
2064 1167 2194 1210 Num.
2223 1166 2302 1210 35.

440 1227 622 1276 Nonvcl,
644 1225 821 1270 Ordinis
854 1225 996 1271 Sancti
1032 1225 1270 1275 Benedicti,
1294 1224 1647 1283 Congregaticmis
1682 1226 1961 1279 cassinensis,
2030 1226 2230 1284 Epistola
2272 1225 2396 1270 ulmi

439 1288 686 1347 primitivae
720 1287 1039 1336 observantiae,
1070 1286 1302 1345 Episcopus
1336 1286 1667 1346 Corisopitensis
1701 1296 1744 1331 et
1777 1289 1969 1332 Leonen-
2001 1304 2049 1331 ac
2073 1288 2169 1332 Rmi
2188 1287 2398 1346 Episcopi

438 1350 524 1399 sis,
565 1349 606 1391 in
653 1348 824 1398 Gallia,
872 1347 1124 1406 suppliciter
1156 1347 1399 1405 expostulat
1444 1357 1488 1391 ut
1523 1347 1728 1407 dignetur
1762 1349 1964 1408 precibus
2002 1349 2329 1407 Corisopitensis
2351 1356 2391 1392 et

439 1424 634 1455 annuere
676 1409 847 1468 piarum
892 1408 1146 1452 monialium
1181 1427 1203 1452 a
1236 1409 1390 1453 Sancta
1424 1408 1577 1453 Ursula
1610 1409 1853 1462 dictarum,
1893 1426 1969 1469 pro
2002 1411 2236 1454 Leonensis.

439 1470 764 1515 Beatificatione
790 1469 1073 1514 Venerandae
1107 1472 1265 1515 Sei-vae
1299 1470 1379 1513 Dei
1413 1471 1572 1514 Mariae
1605 1470 1801 1529 Guyard,
1824 1472 1967 1515 dictae

442 1532 483 1576 in
523 1531 728 1589 religione
764 1530 925 1575 Mariae
959 1531 1015 1575 ab
1048 1532 1366 1582 incarnatione,
1391 1532 1555 1589 primae
1586 1532 1905 1590 Superior-issae
1928 1541 1970 1576 et

439 1592 707 1637 Fundatricis
729 1593 978 1636 Conventus
1010 1592 1262 1636 monialium
1297 1592 1640 1650 congregationis
1674 1609 1698 1637 a
1731 1594 1776 1637 S.
1800 1592 1966 1644 Ursula,

443 1656 483 1699 in
520 1656 627 1698 urbe
661 1653 858 1697 Kebecco
892 1653 1164 1705 Camdensi,
1206 1669 1317 1712 quae
1360 1653 1420 1697 ibi
1456 1653 1692 1698 virtutihus
1726 1662 1768 1698 et
1803 1653 1970 1699 meritis

444 1716 570 1775 plena
604 1714 803 1758 decessit.

568 1776 769 1835 Quinque
804 1783 902 1819 sunt
937 1777 978 1819 in
1014 1776 1210 1819 Dioeeesi
1245 1775 1555 1834 Corisopitensi
1590 1775 1844 1820 Moniaiium
1869 1791 1969 1836 pre-

445 1838 553 1882 fatae
587 1836 943 1895 Congregationis
967 1845 1220 1888 conventus,
1244 1837 1284 1880 in
1309 1836 1471 1896 quibus
1493 1837 1695 1895 exempla
1719 1836 1970 1895 praedictae

439 1900 598 1944 Servae
633 1900 710 1942 Dei
747 1899 907 1942 mirum
935 1898 974 1942 in
1002 1898 1209 1942 virtutum
1247 1898 1544 1956 religiosarum
1581 1913 1807 1957 progressu
1844 1898 1971 1943 ardo-

444 1976 533 2003 rem
570 1960 788 2004 excitavit.
830 1960 973 2003 Plures
1009 1959 1050 2003 in
1088 1960 1218 2002 variis
1251 1959 1605 2010 circumstantiis,
1645 1968 1773 2017 prout
1807 1961 1847 2003 in
1884 1960 1970 2003 vita

441 2022 690 2079 nuperrime
723 2021 883 2078 scripta
917 2021 1117 2073 refertur,
1147 2021 1239 2064 eius
1275 2021 1476 2078 precibus
1511 2037 1554 2065 se
1587 2020 1966 2071 commendando,

441 2083 597 2141 gratias
632 2082 812 2125 credunt
849 2098 892 2125 se
925 2091 1125 2141 expertas
1149 2096 1255 2125 esse.
1279 2082 1404 2126 Unde
1438 2082 1609 2125 firmani
1643 2082 1970 2141 persuasionem

441 2143 605 2187 habent
632 2142 958 2187 Beatiticatione
983 2158 1113 2202 quam
1140 2143 1519 2186 vehementissime
1553 2152 1779 2201 exoptant,
1808 2158 1969 2187 novum

444 2205 483 2247 in
519 2204 864 2262 congregatione
898 2203 1111 2248 fervorem
1147 2203 1475 2248 accendendum
1512 2205 1619 2248 sore.

569 2267 846 2323 Quapropter
877 2264 1150 2322 supradictus
1186 2265 1434 2324 Episcopus,
1459 2281 1543 2309 una
1577 2281 1674 2310 cum
1708 2265 1974 2310 Canadensis

446 2326 698 2385 provinciae
731 2326 1035 2379 Antistitibus,
1073 2327 1314 2371 humillime
1347 2334 1446 2370 vota
1485 2342 1562 2370 sua
1596 2327 1649 2371 ad
1686 2327 1818 2385 pedes
1850 2326 1975 2371 Sedis

443 2387 716 2446 Apostolicae
749 2388 949 2445 deponit.

567 2449 779 2507 Dignetur
813 2449 1022 2494 Sanctitas
1046 2451 1213 2500 Vestra,
1240 2448 1492 2493 Beatissimo
1527 2450 1670 2503 Pater,
1698 2449 1802 2493 mihi
1827 2459 1869 2494 et
1902 2466 1975 2509 po·-

440 2509 542 2568 puio
579 2510 683 2554 mihi
718 2510 950 2555 commisso
982 2511 1338 2555 benedictionem
1373 2511 1668 2570 Apostolicam
1704 2511 1869 2570 largiri.

811 2605 1059 2650 Sanctitatis
1093 2607 1271 2650 Vestrae

1022 2694 1296 2739 Humillimus
1319 2703 1362 2738 et
1383 2693 1778 2739 obedientissimus
1801 2694 1916 2739 filius

1135 2756 1170 2815 -ζ-
1233 2758 1288 2800 D.
1326 2756 1560 2802 Anseimus
1592 2757 1645 2800 Ο.
1682 2758 1727 2802 S.
1766 2758 1817 2800 B.

975 2818 1211 2877 Episcopus
1244 2817 1577 2876 Corisopitensis
1614 2826 1657 2861 et
1693 2818 1942 2863 Leonensis.
