2760 3568
836 225 925 269 426

839 319 855 337 ι
885 301 1012 359 quale
1046 316 1119 344 era
1156 307 1313 343 venuta
1347 299 1403 343 da
1437 298 1609 357 Dicppe
1630 313 1707 342 eon
1735 297 1774 341 la
1797 297 1930 341 Serva
1953 297 1997 341 di
2022 298 2120 349 Dio,
2142 297 2334 344 dichiara

841 379 857 398 ι
888 361 965 405 che
998 360 1111 405 nello
1143 360 1285 419 spazio
1317 360 1361 404 di
1398 367 1605 403 trentatre
1638 357 1764 409 anni,
1792 356 1867 401 che
1901 373 1992 402 essa
2025 358 2218 402 convisse
2251 374 2331 403 con

842 440 857 458 ι
888 421 927 465 la
961 420 1198 464 medesima
1246 435 1328 464 non
1376 420 1414 463 la
1466 419 1565 463 vide
1599 417 1803 477 giammai
1856 426 2143 462 commouere
2175 419 2328 464 alcuna

842 500 858 519 υ
887 496 1118 524 mancanza
1151 490 1299 524 contro
1334 481 1372 524 la
1407 479 1618 530 dolcezza,
1656 480 1693 524 la
1730 477 1965 537 prudenza,
2004 479 2043 523 la
2075 479 2221 530 carita,
2249 479 2327 524 l'u-

841 560 857 578 ιο
887 540 1026 591 milta,
1065 542 1103 584 la
1138 541 1364 591 modestia,
1404 541 1441 584 la
1476 542 1672 599 poverta,
1711 539 2029 584 l’obbedienza.
2056 540 2148 584 Ella
2173 540 2330 584 ineltre

845 620 861 639 υ
888 609 1041 645 attesta
1074 601 1118 645 di
1154 617 1238 645 non
1272 616 1374 645 aver
1406 600 1611 660 giammai
1657 600 1816 645 veduto
1864 600 1943 643 che
1976 601 2009 645 si
2045 600 2204 644 lossero
2239 616 2335 659 pre-

843 680 858 698 ·
887 670 1052 706 sentate
1086 661 1199 706 delle
1247 662 1457 707 occasioni
1491 662 1535 706 di
1571 670 1720 720 potere
1755 660 1982 704 esercitare
2018 661 2088 705 tali
2125 660 2269 713 virtu,
2309 676 2332 704 e

840 740 856 759 ι
885 722 960 765 eho
995 723 1085 766 Ella
1121 738 1204 766 non
1241 723 1278 766 le
1312 738 1459 767 avesse
1490 722 1602 767 celte
1626 730 2041 781 premurosamentc.
2070 740 2087 760 ι
2116 723 2165 765 Et
2198 721 2330 779 paulo

837 781 1012 827 inferius
1047 783 1158 827 dieta
1195 783 1309 826 testis
1343 784 1448 827 haec
1480 783 1562 826 alia
1596 782 1795 841 producit
1817 781 1872 825 ad
1896 782 2245 827 confirmandum
2271 798 2335 826 ar-

837 851 1094 900 gumentum
1129 860 1272 887 suum.
1314 864 1329 883 α
1355 845 1419 886 Un
1454 843 1594 887 Padi-e
1627 843 1801 887 Gesuita
1834 842 2047 887 avendola
2074 843 2205 886 molto
2228 858 2328 901 pro-

843 922 860 941 »
890 911 984 947 vata
1006 904 1119 947 onde
1142 920 1372 948 conoscere
1395 920 1439 947 se
1463 903 1501 947 lu
1525 919 1602 948 sua
1624 903 1777 947 santita
1801 903 2132 962 cori-ispondeva
2155 903 2236 948 alla
2260 918 2335 948 sua

843 982 860 1000 ιν
887 965 1033 1015 Fama,
1072 965 1264 1008 ‹timim-o
1287 980 1309 1007 a
1335 965 1560 1024 parocchie
1585 979 1765 1022 persone
1788 963 1864 1007 che
1889 971 1998 1008 tutte
2021 965 2060 1008 le
2081 964 2195 1008 virtu
2219 963 2335 1008 della

842 1043 859 1061 ι
888 1025 1035 1068 Madre
1068 1025 1483 1069 dell'lncarnazione
1516 1041 1648 1068 erano
1695 1024 1879 1082 grandi,
1918 1040 1989 1067 ma
2023 1025 2100 1068 che
2136 1025 2227 1068 Ella
2260 1039 2332 1068 era

839 1103 855 1122 ι
885 1085 1227 1143 incomparabile
1262 1086 1372 1129 nella
1408 1085 1518 1128 virtu
1553 1084 1664 1128 della
1698 1085 1858 1142 purita,
1896 1099 1920 1128 e
1952 1084 2225 1128 dell'umilta.
2264 1085 2329 1127 Un

840 1163 855 1181 n
884 1145 992 1188 altro
1025 1145 1181 1195 Padre,
1222 1146 1248 1188 il
1282 1146 1409 1203 quale
1443 1161 1513 1189 era
1546 1153 1657 1188 stato
1690 1161 1767 1188 suo
1800 1144 2051 1189 consessore
2086 1162 2108 1188 a
2131 1145 2326 1200 Quebee,

838 1223 854 1241 »
882 1206 1108 1249 scrivendo
1142 1221 1226 1249 una
1260 1207 1412 1249 lettera
1445 1205 1486 1248 di
1521 1205 1827 1261 condoglianza
1862 1205 1944 1248 alle
1976 1206 2174 1248 Orsoline
2213 1206 2329 1263 dopo

839 1283 855 1301 ι
884 1266 922 1309 la
958 1278 1093 1309 morte
1126 1265 1238 1309 della
1273 1267 1405 1311 Serva
1439 1265 1481 1309 di
1517 1266 1618 1316 Dio,
1655 1265 1806 1309 diceva
1830 1265 1907 1308 che
1931 1265 1970 1307 la
1994 1264 2234 1308 medesima
2260 1280 2332 1309 era

839 1344 855 1362 ι
884 1334 993 1370 stata
1029 1342 1115 1370 uno
1147 1325 1343 1384 specclnio
1378 1325 1668 1369 d'innoeenza
1700 1324 1756 1368 ed
1792 1340 1846 1368 un
1872 1325 2056 1383 perfetto
2078 1326 2265 1369 modello
2286 1325 2332 1369 di

837 1405 853 1423 ι»
886 1395 992 1429 tutte
1027 1388 1066 1430 le
1101 1386 1230 1430 virtu.
1268 1386 1539 1444 Mensignorc
1573 1385 1616 1429 di
1652 1387 1975 1444 Montinoreney
1999 1386 2128 1429 Laval
2162 1386 2197 1429 si
2231 1402 2334 1430 con-

839 1465 856 1484 »
885 1447 1028 1490 solava
1062 1447 1106 1491 di
1140 1462 1242 1489 aver
1275 1456 1404 1490 avuta
1440 1447 1478 1489 la
1511 1446 1730 1490 ‹lii-ezione
1766 1446 1975 1504 pastorale
1998 1446 2113 1490 della
2131 1448 2264 1492 Serva
2287 1447 2334 1491 di

839 1526 855 1545 ι
885 1507 983 1550 Dio.
1024 1507 1111 1565 Egit
1146 1507 1296 1550 diceva
1329 1508 1407 1551 che
1442 1507 1474 1549 si
1507 1516 1665 1566 poteva
1698 1506 1929 1551 al'fcrmare
1962 1506 2005 1550 di
2040 1507 2114 1550 Lei
2149 1523 2233 1550 non
2270 1509 2335 1552 al-

840 1586 856 1605 »
887 1567 1073 1611 trimenti
1107 1568 1184 1611 che
1217 1567 1547 1626 dell’Apostole,
1585 1567 1662 1610 ehe
1695 1568 1786 1611 Ella
1821 1583 1904 1611 non
1940 1567 2109 1619 viveva,
2147 1583 2218 1612 ma
2253 1568 2330 1612 che

839 1646 855 1665 ι
883 1629 996 1671 Gesu
1032 1629 1183 1672 viveva
1219 1627 1260 1671 in
1297 1629 1386 1672 Lei:
1424 1627 1500 1671 che
1534 1629 1635 1671 Essa
1667 1643 1740 1672 era
1773 1628 1935 1672 adorna
1959 1627 2002 1671 di
2027 1636 2135 1672 tutte
2158 1628 2197 1672 le
2219 1628 2335 1672 virtu

837 1707 853 1725 n
884 1692 925 1731 in
962 1705 1017 1732 un
1053 1689 1187 1748 grado
1222 1688 1325 1732 assai
1360 1689 1594 1741 eminente,
1633 1689 1708 1732 che
1743 1690 1782 1733 la
1817 1705 1890 1733 sua
1926 1688 2013 1733 vita
2048 1690 2087 1733 la
2110 1689 2239 1747 quale
2256 1704 2332 1733 era

839 1767 856 1786 ι
884 1764 1066 1793 comune
1100 1749 1395 1801 all’esteriore‚
1436 1765 1503 1793 ma
1538 1750 1616 1793 che
1650 1765 1721 1793 era
1760 1749 1947 1794 animata
1985 1749 2038 1794 da
2081 1765 2137 1793 un
2164 1750 2333 1793 interno

836 1828 852 1846 n
885 1816 994 1853 tutto
1029 1810 1194 1861 (livino,
1222 1826 1293 1853 era
1321 1827 1406 1854 nna
1444 1811 1584 1868 regola
1620 1810 1790 1853 vivente
1823 1826 1846 1853 a
1884 1818 1994 1854 tutta
2028 1811 2066 1854 la
2089 1826 2165 1854 sua
2189 1826 2336 1855 comu-

838 1889 853 1906 υ
885 1870 989 1914 nita.
1018 1891 1035 1910 1»
1073 1872 1193 1927 Quae
1229 1871 1408 1930 quidem
1444 1879 1486 1914 et
1519 1871 1599 1915 alia
1634 1871 1755 1915 huius
1790 1872 1958 1928 generis
1991 1872 2129 1915 multa
2153 1871 2333 1930 quaein

830 1930 1076 1974 Summario
1111 1939 1303 1988 prostant
1335 1940 1452 1975 certo
1486 1932 1641 1975 certius
1665 1931 1961 1976 demonstrare
1984 1932 2129 1976 valent
2152 1934 2332 1976 Famam

828 1989 1072 2035 Sanctitatis
1109 1993 1268 2035 Sei-vae
1305 1993 1386 2036 Dei
1439 2001 1528 2035 tum
1580 1992 1865 2036 universalem
1906 1993 2035 2036 fuisse
2068 1993 2157 2036 sive
2190 1993 2335 2052 quoad

828 2049 920 2094 loca
943 2052 1034 2095 sive
1057 2053 1200 2110 quoad
1226 2068 1445 2110 personas,
1466 2059 1556 2096 tum
1581 2056 1863 2104 constantem,
1881 2069 1959 2097 nec
1983 2068 2173 2111 unquam
2200 2061 2336 2097 tractu

831 2113 1039 2169 temporis
1075 2113 1366 2163 imminutam,
1404 2113 1480 2155 sed
1514 2115 1658 2170 potius
1690 2122 1875 2163 auctam,
1914 2121 1959 2157 et
1992 2114 2129 2171 magis
2164 2114 2206 2157 in
2243 2114 2336 2158 dies

829 2171 1019 2223 firmam,
1056 2179 1099 2215 et
1132 2173 1369 2230 vigentem,
1398 2180 1439 2215 et
1475 2173 1591 2230 quod
1627 2172 1803 2216 maximi
1837 2172 2080 2216 faciendum
2115 2182 2199 2225 cst,
2237 2189 2335 2218 eam

827 2246 880 2274 ex
914 2233 1096 2276 heroicis
1128 2234 1289 2277 Servae
1312 2233 1389 2276 Dei
1423 2233 1658 2276 virtutibus
1693 2241 1734 2276 et
1769 2233 1894 2277 donis
1933 2234 2337 2291 supernaturalibus

828 2292 979 2335 Eidem
1006 2310 1029 2337 a
1052 2295 1145 2337 Deo
1179 2294 1356 2352 profuse
1389 2294 1555 2338 cellatis
1589 2308 1680 2336 esse
1713 2293 1981 2345 derivatam,
2020 2295 2157 2353 iisque
2191 2297 2332 2348 unice,

827 2361 871 2396 et
904 2354 1120 2398 exclusive
1154 2354 1364 2399 innixam.

703 2410 811 2455 232.
848 2415 980 2470 Quod
1013 2414 1191 2475 quidem
1225 2423 1440 2474 quantum
1473 2415 1695 2459 Sanctitati
1729 2416 1890 2459 Servae
1912 2417 1995 2460 Dei
2029 2416 2327 2474 splendorem,

826 2482 870 2517 et
903 2490 1035 2533 quam
1071 2476 1324 2520 firmitatem
1375 2477 1422 2519 Ei
1472 2476 1609 2519 addat
1644 2490 1774 2519 nemo
1806 2485 1864 2519 est
1908 2477 2102 2536 profecto
2135 2479 2210 2537 qui
2246 2493 2331 2521 non

824 2534 990 2580 videat.
1045 2538 1095 2579 Et
1144 2537 1224 2580 hoe
1270 2553 1320 2581 co
1354 2537 1422 2580 vel
1458 2537 1593 2595 magis
1628 2537 1661 2580 si
1696 2537 1804 2580 ratio
1852 2536 2065 2581 habeatur
2098 2539 2154 2583 ad
2189 2539 2325 2583 vitam

825 2594 965 2640 dictae
986 2599 1148 2642 Sorvae
1170 2597 1273 2641 satis
1312 2598 1566 2655 longaevam
1591 2613 1689 2642 eum
1714 2599 1809 2656 lpsa
1837 2601 2166 2657 septuagenario
2190 2600 2331 2643 maior

830 2671 1083 2715 supremum
1118 2658 1235 2702 diem
1270 2658 1445 2702 obierit.
1484 2659 1591 2701 Hinc
1624 2658 1840 2717 sapienter
1880 2660 2082 2703 observat
2122 2661 2333 2706 Cardina-

822 2717 873 2760 lis
907 2719 973 2760 De
1008 2719 1191 2777 Aguirre
1243 2719 1403 2777 disput..
1445 2720 1516 2762 42.
1554 2719 1609 2762 de
1659 2719 1806 2762 virtut.
1844 2719 2026 2764 heroicis
2070 2729 2239 2780 quaest.
2280 2722 2324 2763 3.

827 2787 932 2821 sect.
954 2779 997 2822 5.
1024 2796 1124 2838 pag.
1147 2780 1280 2823 4494.
1318 2795 1440 2823 num.
1465 2781 1537 2823 48.
1577 2805 1606 2812 -
1634 2780 1759 2835 Quod
1810 2782 2050 2825 eommunis
2099 2783 2325 2826 hominum

825 2837 1018 2882 fidelium
1055 2840 1284 2884 admiratio
1317 2841 1567 2884 continuata
1604 2856 1737 2900 usque
1772 2840 1827 2884 ad
1861 2841 1994 2886 finem
2027 2842 2142 2886 vitae
2165 2843 2220 2886 de
2250 2842 2329 2886 ali-

826 2899 946 2942 cuius
978 2900 1209 2944 Christiani
1245 2909 1288 2943 et
1321 2902 1526 2946 Catholici
1562 2902 1749 2945 heminis
1782 2901 2013 2948 virtutibus
2047 2919 2125 2962 per
2148 2919 2193 2948 se
2217 2903 2331 2948 indi-
