2632 3568
595 271 654 315 58

584 351 700 388 tanta
734 347 868 389 Serva
902 345 981 388 Dei
1016 343 1073 387 de
1106 343 1192 387 suis
1228 344 1464 388 virtutibus
1486 378 1495 394 ,
1548 354 1590 389 et
1641 347 1970 395 charismatibus
2012 354 2112 398 seri-

581 405 749 464 psisset,
788 406 944 449 horum
980 404 1144 448 nullam
1168 404 1286 464 apud
1310 421 1409 448 suos
1437 407 1639 450 mansisse
1665 410 1935 454 memoriam.
1966 412 2110 472 Longe

581 481 701 510 secus
735 466 776 509 in
811 466 874 509 his
907 465 1105 509 accidere
1138 466 1412 510 consuevisse
1447 466 1634 511 ostendit
1668 469 1711 513 S.
1751 470 1984 527 Gregorius
2033 475 2106 530 qui

581 535 675 584 post
709 526 886 570 relatam
922 529 966 571 S,
1004 525 1153 570 Gallae
1187 526 1398 571 visionem
1434 525 1570 572 addit:
1605 549 1620 566 ι
1650 529 1767 587 qnod
1805 525 1965 575 factum
2002 548 2113 578 nunc

580 601 717 645 usque
752 587 792 629 in
827 586 982 631 codem
1018 587 1274 630 Monasteri0
1310 595 1456 631 manet
1492 590 1802 639 memorabile,
1840 591 1986 650 sicque
2030 594 2109 638 hoc

580 663 603 690 a
640 647 1001 705 praecedentibus
1038 647 1247 692 matribus
1283 649 1492 693 traditum
1519 665 1693 693 narrare
1718 650 1785 693 hic
1808 651 1946 695 solent
1969 654 2109 698 subti-

582 708 681 752 liter
715 708 902 753 iuniores
935 723 1047 767 quac
1082 723 1194 752 nunc
1227 718 1325 752 sunt
1360 710 1705 754 sanctimoniales
1739 712 1949 768 virgines,
1989 730 2037 757 ac
2077 716 2111 760 si

583 767 656 812 illo
692 769 733 812 in
770 778 967 829 tempore
1001 769 1100 813 hnic
1136 777 1222 812 tam
1257 770 1412 829 grandi
1449 771 1655 815 miraculo
1690 780 1730 815 et
1773 772 1890 830 ipsae
1940 772 2114 818 adfuis-

581 837 674 872 sent
710 829 825 888 (Lib.
852 832 881 873 Γ)
910 830 1092 890 dialog.)
1119 829 1202 873 huc
1227 846 1362 889 usque
1386 830 1675 876 Adversarius
1700 834 2105 890 praestantissimus.

704 892 779 934 823.
817 891 1011 935 Profecto
1046 891 1268 934 fatendum
1303 900 1364 934 cst
1398 891 1517 951 qnod
1553 893 1593 935 in
1629 893 1878 936 huiusmodi
1909 894 2110 940 animad-

583 951 780 994 versione
812 951 1112 996 concinnanda
1147 952 1309 995 Censor
1342 960 1486 995 noster
1508 969 1638 1012 quam
1666 955 1897 998 maximam
1924 971 2030 1014 prae
2064 972 2108 1001 se

586 1011 682 1055 tulit
714 1013 1007 1070 sagacitatem,
1044 1020 1172 1070 atque
1205 1012 1421 1057 eiusmodi
1457 1021 1592 1058 artem
1628 1021 1667 1057 et
1704 1014 1956 1059 industriam
1988 1017 2110 1061 adhi-

583 1072 679 1116 buit
701 1074 875 1131 qualcm
910 1089 988 1118 nec
1021 1073 1178 1117 latinae
1200 1074 1474 1132 eloquentiae
1498 1075 1739 1133 principem
1765 1091 1957 1135 unquam
1990 1092 2112 1120 usur-

584 1149 708 1194 passe
741 1142 920 1179 constat.
959 1137 1163 1179 Attamen
1190 1149 1268 1192 pro
1291 1136 1471 1178 veritate
1495 1151 1668 1194 quoqne
1693 1137 1812 1179 fateri
1838 1137 1971 1180 debet
2001 1138 2106 1183 nihil

582 1195 760 1239 omnino
795 1197 938 1255 ipsum
974 1212 1050 1239 sua
1084 1195 1327 1253 sagacitate,
1354 1204 1396 1239 ct
1420 1194 1628 1240 industria
1653 1195 1881 1253 proficere,
1913 1197 2106 1256 quando-

580 1255 775 1313 quidem,
813 1256 932 1316 quod
967 1257 1132 1300 factum
1166 1255 1298 1299 semel
1334 1265 1412 1307 est,
1455 1271 1582 1299 nemo
1620 1272 1755 1307 nnus,
1796 1273 1874 1301 nce
1903 1259 2110 1316 Omnipo-

581 1324 672 1359 tens
707 1316 911 1360 infectum
949 1318 1062 1361 valet
1099 1316 1181 1359 ulla
1217 1316 1381 1360 ratione
1418 1317 1616 1360 reddere.
1658 1319 1701 1360 ln
1738 1319 1953 1376 praesenti
2005 1334 2107 1364 vcro

577 1391 703 1421 causa
737 1378 895 1422 factum
931 1378 1048 1436 quod
1081 1377 1179 1420 satis
1213 1377 1391 1421 abunde
1427 1378 1660 1436 probatum
1697 1387 1784 1429 est,
1822 1386 1864 1422 et
1898 1378 1953 1422 de
1987 1380 2106 1423 cuius

575 1437 801 1482 existentia
821 1438 1004 1482 dubium
1024 1438 1160 1481 ullum
1186 1453 1362 1482 movere
1384 1454 1514 1482 sanae
1537 1440 1704 1482 critices
1729 1441 1900 1497 regulae
1926 1440 2107 1484 omnino

575 1513 660 1541 non
695 1500 920 1558 patiuntur
943 1507 1007 1542 est
1041 1498 1269 1542 manifeste
1293 1499 1519 1543 existentia
1542 1502 1701 1543 Famae
1723 1501 1971 1545 Sanctitatis
2011 1503 2108 1546 Ser-

579 1574 657 1603 vae
696 1560 776 1604 Dei
811 1560 978 1605 Sororis
1012 1560 1169 1604 Mariae
1202 1560 1259 1603 ab
1294 1560 1604 1612 lncarnatione,
1644 1560 1889 1619 etquidem
1914 1570 2108 1604 constan-

581 1621 647 1670 tis,
678 1622 949 1673 universalis,
990 1621 1030 1664 in
1065 1621 1159 1664 dics
1193 1620 1330 1678 magis
1364 1623 1608 1671 crescentis,
1646 1629 1689 1663 et
1722 1621 1840 1680 quod
1875 1621 2008 1680 pluris
2043 1630 2106 1665 est

579 1681 843 1732 faciendum,
873 1680 1126 1726 huiusmodi
1150 1696 1263 1739 quae
1297 1697 1381 1724 non
1417 1697 1470 1725 ex
1506 1682 1677 1725 incertis
1702 1682 1816 1740 vulgi
1852 1683 2106 1726 rumoribus

574 1742 770 1786 derivata
793 1743 861 1794 sit,
885 1742 962 1786 sed
987 1751 1095 1786 orta.
1117 1749 1155 1784 et
1184 1742 1328 1785 innixa
1353 1742 1533 1785 heroicis
1559 1742 1760 1787 Eiusdem
1788 1742 1967 1786 virtutib
2035 1777 2038 1785 .
2062 1751 2105 1786 et

572 1804 771 1861 supernis
805 1803 1152 1847 charismatibus.
1182 1803 1436 1860 Eapropter‚
1460 1803 1518 1845 uti
1542 1803 1739 1861 superius
1763 1803 1904 1854 innui,
1933 1819 1943 1861 Ι
2065 1818 2107 1846 m

573 1865 751 1922 quidem
789 1865 882 1909 iure
916 1864 1084 1922 optimo
1120 1878 1189 1906 me
1223 1864 1444 1906 abstinere
1477 1863 1535 1906 ab
1570 1863 1618 1906 iis
1649 1863 1898 1907 refellendis
1925 1869 2105 1922 quaein

572 1925 691 1969 dicto
718 1927 988 1985 paragrapho
1011 1926 1090 1968 Xll
1116 1924 1298 1982 opponit
1321 1923 1663 1968 Animadvcrsor
1686 1924 2101 1982 praestantissimus.

575 1987 738 2030 Verum
773 1996 816 2030 et
849 1986 903 2031 ad
932 2001 1096 2030 morem
1124 1985 1273 2028 Eidem
1310 1984 1567 2042 gerendum,
1587 2002 1611 2028 e
1650 2001 1735 2029 nna
1758 1986 1887 2029 simul
1910 1985 1964 2029 ad
1988 1987 2101 2029 Cau-

572 2063 644 2091 sae
677 2062 807 2106 qnam
843 2047 1033 2091 defendo
1067 2046 1306 2090 bonitatem
1345 2046 1479 2105 magis
1512 2046 1854 2096 ostendendam,
1892 2046 2101 2090 nonnulla

576 2109 618 2152 in
655 2108 924 2152 contrarium
963 2107 1196 2165 proferam.

697 2170 773 2212 89.
811 2171 861 2213 Et
896 2169 1038 2228 primo
1071 2167 1317 2227 quaestioni
1352 2168 1429 2219 illi,
1455 2182 1558 2211 num
1583 2167 1694 2211 adeo
1718 2168 1928 2211 historicis
1950 2169 2004 2211 sit
2029 2168 2106 2212 de-

573 2230 821 2282 ferendum,
860 2240 906 2275 ut
940 2245 1091 2273 corum
1128 2237 1296 2272 tantum
1333 2228 1520 2278 iudici0,
1545 2229 1741 2288 quaestio
1766 2229 1821 2273 de
1844 2231 1976 2273 Fama
2000 2230 2105 2274 San-

575 2292 732 2335 ctitatis
767 2291 912 2335 dirimi
948 2291 1104 2334 valeat.
1126 2290 1244 2333 ldem
1280 2290 1568 2333 Adversarius
1603 2291 1804 2346 negative
1845 2290 2096 2347 respondet,

573 2352 765 2397 adducta
798 2355 842 2397 S.
880 2352 1098 2397 pontificis
1132 2350 1358 2395 Benedicti
1392 2352 1492 2394 xlv
1528 2351 1807 2401 auctoritate,
1846 2350 1966 2394 cuius
2003 2351 2107 2394 haee

572 2413 738 2472 profert
770 2414 922 2466 verba,
960 2412 1139 2457 scilicet:
1171 2432 1186 2450 α
1215 2413 1324 2457 Cum
1361 2411 1498 2455 forma
1531 2411 1857 2456 Commissi‹)nis
1891 2411 2105 2469 generalis

573 2475 687 2533 typis
722 2475 927 2533 impressa
963 2475 1005 2517 in
1052 2473 1235 2517 decretis
1281 2474 1446 2517 Urbani
1481 2474 1604 2524 vm,
1643 2473 1781 2516 solnm
1818 2473 2016 2530 loquatur
2048 2472 2104 2516 de

572 2536 774 2579 examine
811 2537 1063 2580 testium....
1100 2534 1297 2594 sequitur
1330 2550 1383 2577 cx
1426 2536 1507 2578 hoc
1539 2534 1654 2593 quod
1701 2533 1966 2577 historici....
2016 2548 2102 2576 non

572 2605 779 2654 poterunt
812 2597 1074 2640 constituere
1109 2595 1362 2654 perfectam,
1390 2596 1483 2638 sive
1505 2596 1795 2653 adaequatam
1821 2596 1980 2638 Famae
2005 2610 2102 2652 pro-

573 2657 814 2709 bationem,
833 2659 909 2703 sed
927 2665 1054 2701 erunt
1073 2664 1240 2701 tantum
1262 2673 1369 2715 pura
1389 2656 1655 2700 adminicula
1672 2656 2031 2715 (tib.2.e.!÷0.n.‘t
2049 2655 2100 2714 ..)

697 2720 772 2763 90.
820 2719 888 2763 Ad
938 2719 1111 2777 plenam
1157 2717 1410 2761 huiusmodi
1457 2718 1690 2760 verborum
1738 2717 2098 2775 intelligentiam,

571 2780 794 2824 sciendum
831 2780 1031 2840 inprimis
1063 2787 1141 2830 est,
1179 2779 1297 2838 quod
1333 2778 1532 2822 laudatus
1565 2778 1763 2821 Pontifex
1798 2778 1839 2821 in
1883 2778 1961 2821 hoc
1998 2793 2104 2836 qua-

571 2840 817 2899 dragesimo
850 2842 992 2901 capite
1025 2841 1258 2899 sapienter,
1287 2857 1366 2899 pro
1400 2855 1536 2890 more,
1562 2839 1616 2883 de
1650 2841 1812 2884 Famae
1847 2839 2103 2897 probatione

574 2911 826 2960 pertractat.
846 2905 908 2948 lta
932 2919 1034 2947 vero
1057 2902 1302 2947 exorditur.
1324 2903 1483 2945 Famae
1507 2900 1707 2959 probatio
1741 2900 1833 2944 fieri
1860 2908 2000 2959 potest
2024 2900 2104 2945 du-
