2744 3584
805 306 1066 364 praestiterit
1098 306 1231 353 Serva
1266 306 1357 360 Dei,
1398 307 1471 352 nte
1503 305 1730 353 dumtaxat
1768 306 1983 366 cognoscit
2031 308 2103 368 qui
2154 308 2284 356 corda

812 366 930 409 novit.
961 369 1173 419 omnium,

688 425 795 472 182.
830 427 1060 487 Postquam
1097 427 1361 486 itt-Hgionem
1399 428 1585 488 ingressa
1632 426 1814 473 solemni
1849 435 1948 473 voto
1983 427 2036 473 ad
2076 431 2184 474 haiic
2217 429 2301 475 vir-

808 494 943 531 tatem
976 488 1223 533 sectandam
1269 489 1310 533 in
1358 490 1624 535 professione
1674 489 1884 548 Retigiose
1922 504 2011 533 sese
2043 490 2288 543 obstrinxit,
2318 492 2324 499 '

808 547 1062 593 incredibile
1094 548 1210 593 dictu
1246 558 1307 593 est
1338 564 1467 608 quam
1500 560 1652 602 eante,
1686 558 1728 594 ct
1759 549 1907 593 sedulo
1942 565 2035 594 eam
2068 550 2123 594 ad
2178 566 2293 595 inor-

807 615 893 650 tem
931 623 1065 667 usque
1097 607 1390 654 custodiverit.
1429 611 1522 669 Ipsa
1545 612 1660 655 enim
1686 610 1856 669 propria
1882 611 2096 654 voluntate
2121 625 2297 668 prorsus

807 667 1018 726 abnegata
1055 669 1096 712 in
1130 670 1291 714 cunctis
1308 670 1437 715 etiam
1462 672 1653 715 minimis
1676 678 1919 714 constanter
1943 670 2134 714 obedivit
2156 671 2296 715 Testis

808 728 849 770 X
886 726 1072 785 (Summ.
1109 745 1229 774 nnin.
1250 730 1347 775 XV!
1369 747 1465 789 pag.
1490 731 1614 790 423).
1645 751 1662 771 α
1689 732 1747 775 La
1781 747 1855 775 sua
1888 730 2156 775 obhedienza
2181 731 2292 775 neti-

812 808 827 825 ·
869 789 984 845 giosa
1003 790 1172 835 amlava
1193 789 1649 850 flnoaH‘annegazione
1672 791 1883 850 completa
1900 789 1970 834 del
1991 805 2066 834 suo
2082 791 2287 849 gindizio‚

819 867 834 885 ι
874 863 897 891 c
929 848 962 891 si
996 851 1228 894 estendeva
1262 851 1344 895 alle
1377 852 1448 910 piu
1484 853 1644 912 piecoie
1674 868 1788 895 cose.
1809 871 1825 890 ι
1864 850 1993 909 Atqui
2027 852 2093 895 bic
2126 850 2296 895 silentio

810 908 959 968 nequit
992 911 1216 968 praeteriri
1262 912 1378 970 quod
1427 912 1684 957 ohedientia
1716 929 1740 956 a
1771 912 1905 957 Serva
1938 911 2017 954 Dei
2058 918 2302 956 constanter

809 968 889 1011 snit
921 978 1086 1014 servata
1108 973 1238 1015 etiarn
1262 973 1465 1016 diuturno
1490 973 1560 1017 ino
1584 972 1789 1032 temporis
1810 972 1945 1029 spatio
1968 984 2052 1029 quo
2085 971 2298 1016 enaesidis

815 1043 996 1073 munere
1031 1030 1173 1075 functa
1207 1039 1286 1076 est.
1323 1032 1367 1076 Et
1402 1032 1519 1092 quod
1556 1042 1719 1084 notatu,
1757 1040 1798 1076 et
1830 1031 2116 1076 admiratione
2164 1031 2299 1091 magis

810 1088 989 1146 dignum
1025 1090 1215 1144 videtur,
1253 1091 1292 1135 in
1327 1092 1544 1146 omnibns,
1568 1093 1881 1153 aegrotantium
1916 1092 2110 1136 curatrici
2134 1094 2301 1151 quotics

813 1149 856 1191 in
893 1149 1209 1196 vaictndinario
1244 1167 1415 1197 manere
1449 1164 1591 1199 coacta
1626 1162 1713 1197 erat
1759 1154 1870 1197 utu-0
1922 1149 2290 1210 obtempterabat.

809 1210 1201 1255 praeclarissimum
1235 1212 1477 1257 huiusmodi
1511 1214 1787 1258 obedientiae
1818 1212 2066 1270 exemplum
2109 1211 2293 1255 refertur

806 1286 829 1312 a
864 1271 1081 1327 praedicta
1116 1274 1244 1315 Teste
1277 1274 1317 1316 X
1350 1288 1460 1331 qnae
1496 1274 1552 1317 ita
1599 1274 1756 1318 sactum
1801 1281 1943 1316 narrat
1977 1272 2133 1330 (Sum.
2184 1271 2290 1316 ibid.

805 1344 906 1387 pag.
935 1331 1057 1390 423).
1088 1351 1105 1369 c
1135 1333 1190 1377 Se
1226 1332 1311 1377 Ena
1346 1349 1416 1377 era
1452 1336 1606 1378 malata
1642 1333 1763 1385 fosse,
1801 1350 1825 1376 o
1859 1347 1914 1375 no
1947 1332 2184 1390 superiora,
2221 1333 2299 1376 ob·

823 1409 839 1427 ι
877 1390 1034 1435 bediva
1070 1392 1112 1435 in
1147 1401 1256 1436 tntto
1290 1393 1635 1439 ail'lnsermiera.
1673 1395 1783 1438 Foco
1834 1403 1978 1451 tempo
2031 1393 2173 1451 prima
2220 1393 2299 1436 che

820 1469 834 1485 ι
874 1458 1062 1495 entrasse
1098 1454 1137 1495 in
1173 1454 1339 1512 agonia,
1361 1455 1526 1499 avendo
1561 1455 1597 1499 ia
1631 1456 1762 1499 bocca
1786 1460 2119 1498 estretnatnente
2155 1452 2292 1503 arida,

815 1529 831 1547 ·
871 1510 960 1554 Ena
994 1528 1078 1556 non
1105 1514 1215 1557 voiic
1239 1529 1370 1558 vernn
1394 1514 1586 1568 soiiievo,
1614 1515 1751 1559 finche
1774 1516 1813 1558 la
1833 1513 2076 1557 insci-miera
2101 1513 2139 1556 ia
2163 1514 2292 1570 quale

815 1589 831 1607 ι
873 1573 1081 1616 trovavasi
1119 1582 1283 1617 assente
1332 1575 1401 1619 nel
1451 1585 1701 1627 momente,
1741 1591 1824 1619 non
1858 1574 1988 1619 diede
2029 1572 2080 1617 ad
2120 1573 2216 1616 Essa
2253 1573 2291 1617 la

812 1648 828 1667 υ
867 1633 1192 1688 permissione..
1215 1634 1331 1694 qnod
1368 1634 1523 1679 factum
1558 1652 1637 1695 per
1657 1651 1701 1679 se
1734 1635 1831 1679 satis
1853 1648 2066 1692 superque
2088 1633 2295 1692 eloquens

809 1689 976 1747 liquido
1008 1694 1193 1738 ostendit
1225 1704 1434 1752 quamam
1483 1694 1757 1755 perfectionis
1804 1695 1969 1755 apicem
2024 1694 2181 1738 Scrvae
2216 1694 2296 1736 Dei

805 1750 1069 1797 Obcdicntia
1104 1754 1305 1813 attigerit.

689 1807 793 1852 483.
829 1811 917 1854 Nee
948 1814 1104 1858 mirum
1138 1815 1254 1874 quod
1289 1817 1379 1875 ipsa
1413 1817 1544 1862 Serva
1580 1817 1659 1862 Dei
1695 1816 1751 1861 ita
1785 1814 1957 1860 heroice.
1989 1813 2198 1858 obediens
2242 1811 2297 1857 ad

807 1870 1005 1918 ultimum
1042 1875 1154 1918 vitae
1186 1876 1367 1921 halitum
1403 1878 1590 1921 extiterit
1617 1911 1627 1930 ,
1664 1877 2017 1937 quandoquidem
2050 1890 2148 1919 cum
2181 1880 2291 1918 esset

813 1938 1011 1989 tyronum
1046 1936 1248 1992 magistra
1282 1937 1388 1981 hanc
1420 1952 1592 1997 semper
1625 1939 1825 1981 virtutem
1871 1938 2032 1982 eisdem
2079 1934 2294 1979 incuicare

809 2006 895 2036 non
931 1992 1182 2047 desistebat,
1220 2012 1290 2041 eas
1324 1998 1381 2040 ita
1414 1997 1587 2049 docens,
1614 1997 1906 2042 obedientiam
1932 1996 2129 2041 videlicet
2153 2010 2294 2038 rerum

809 2053 1003 2097 omnium
1037 2055 1255 2100 desectum
1289 2057 1487 2116 supplere
1509 2060 1677 2117 quoties
1701 2066 1815 2102 recta
1841 2057 2074 2102 intercedat
2098 2055 2293 2099 intentio.

808 2112 870 2155 tta
906 2116 1179 2176 prosequitur
1212 2126 1445 2162 memorata
1477 2119 1631 2163 Testis:
1674 2140 1689 2157 ι
1719 2119 1810 2162 Una
1843 2118 1955 2163 delle
1991 2116 2186 2162 massime
2218 2115 2296 2159 che

816 2192 831 2209 υ
872 2171 928 2217 da
961 2175 1034 2219 Lei
1071 2176 1226 2221 veniva
1260 2178 1466 2223 inculcata
1498 2179 1578 2223 asse
1614 2180 1778 2223 novizie
1810 2178 1842 2222 si
1892 2194 1965 2223 era
2005 2179 2080 2222 ebe
2131 2176 2297 2219 l‘obbe·

814 2253 830 2271 ι
868 2232 1016 2279 dienza
1039 2237 1253 2295 supplisee
1275 2255 1298 2283 a
1325 2246 1447 2290 tutto,
1474 2239 1658 2283 ailorebe
1680 2240 1712 2282 si
1738 2240 1790 2283 ha
1815 2239 1852 2283 la
1876 2247 1984 2283 retta
2009 2236 2292 2282 intenzione.»

808 2292 916 2338 ilinc
949 2297 1124 2340 maximi
1158 2298 1452 2343 admirationis
1483 2315 1632 2344 sensus
1667 2300 1706 2343 in
1741 2302 1871 2345 Serva
1906 2298 1985 2344 Dei
2017 2297 2183 2358 quoties
2216 2312 2293 2339 eo-

805 2366 1027 2410 gnosceret
1071 2356 1369 2403 inobedientes
1422 2361 1585 2404 animas
1639 2360 1872 2419 Religiosas
1892 2392 1902 2411 ,
1945 2369 1986 2403 et
2035 2359 2128 2418 pias
2180 2371 2293 2415 qnae

809 2415 1076 2473 reciprocum
1110 2419 1185 2462 Dei
1223 2434 1414 2464 amorem
1448 2421 1747 2479 concupiscere
1783 2421 2057 2465 videbantur.
2087 2418 2147 2462 En
2183 2416 2296 2460 testis

806 2474 999 2521 eiusdem
1036 2478 1165 2523 verba
1201 2479 1385 2539 (Summ.
1406 2481 1535 2541 ibid.)
1566 2503 1581 2520 ι
1609 2480 1696 2525 Elia
1718 2491 1894 2526 sovente
1917 2481 2080 2531 dit-eva,
2107 2477 2184 2523 che
2209 2492 2291 2521 non

814 2553 830 2572 υ
870 2545 1025 2594 poteva
1067 2540 1380 2598 comprendere
1423 2541 1499 2586 ebe
1557 2541 1629 2586 un’
1650 2542 1791 2586 anima
1842 2540 2052 2601 Religiosa
2091 2539 2129 2584 la
2171 2538 2296 2596 quale

814 2614 830 2633 ι
871 2599 996 2642 vuele
1014 2615 1159 2644 amare
1183 2598 1319 2654 tddio,
1347 2601 1400 2646 ed
1426 2617 1565 2647 essere
1589 2609 1729 2647 amata
1755 2602 1810 2647 da
1835 2603 1928 2656 Lui,
1957 2617 2040 2646 non
2074 2601 2183 2645 fosse
2215 2598 2295 2641 ob-

815 2676 830 2693 ·
869 2658 1090 2703 bediente.
1134 2680 1151 2699 ι

688 2716 790 2760 484.
816 2717 945 2762 Plura
975 2721 1054 2764 alia
1080 2737 1247 2779 possem
1268 2723 1306 2766 in
1333 2722 1524 2768 medinm
1550 2723 1740 2783 proferre
1762 2739 1873 2783 quae
1897 2723 2109 2768 heroicam
2133 2721 2292 2788 Servae

813 2779 894 2822 Dei
928 2781 1222 2826 obedientiam
1264 2784 1519 2828 confirmare
1553 2794 1741 2844 possent,
1779 2784 1853 2829 sed
1883 2784 1940 2829 ab
1974 2784 2035 2827 bis
2065 2779 2296 2848 afferendis

804 2839 1000 2884 abstineo
1034 2857 1088 2885 ne
1120 2842 1310 2888 infinitus
1354 2845 1394 2888 in
1431 2844 1615 2890 dicendo
1665 2845 1743 2889 sim
1766 2880 1775 2898 ‚
1814 2854 1851 2889 et
1910 2843 2161 2905 praesertim
2196 2854 2297 2899 qum
