2704 3584
2005 255 2066 300 7⁷

571 331 634 376 uis
668 329 874 380 studium,
910 336 952 374 et
985 335 1184 372 constans
1216 326 1411 372 omnium
1437 324 1663 377 virtutum,
1690 333 1746 370 at«
1769 325 2064 374 uelleraicum

570 390 838 438 exercitium.
873 388 1013 433 Testis
1045 388 1118 432 Vll
1154 387 1339 443 (Sauum.
1379 401 1498 432 uum.
1536 387 1590 431 ΙΙΙ
1619 401 1717 446 pag.
1776 387 1840 444 0).
1884 406 1900 426 ο
1923 389 2061 433 'l'aute

575 472 589 492 n
620 466 839 511 preinure.
875 464 900 493 e
934 455 1049 493 tante
1082 462 1211 506 pene,
1247 448 1364 492 nulla
1400 447 1438 492 le
1461 446 1664 492 [aeevano
1688 445 1876 506 perdere
1897 447 2065 493 dell'at-

580 533 595 552 ο
625 512 793 555 trattiva
827 509 903 553 elie
937 510 1034 552 Essa
1065 506 1231 551 sentiva
1265 523 1341 566 per
1373 507 1412 551 la
1435 507 1685 558 solitudine,
1708 524 1732 552 e
1755 507 1959 567 riguurdo
1982 510 2064 554 ulla

575 593 590 613 ι
620 569 869 626 meraviglia
901 568 980 613 elie
1010 567 1043 611 si
1075 567 1249 612 destava
1284 567 1396 611 nello
1429 583 1624 626 scon-gere
1658 567 1699 612 in
1736 583 1817 613 una
1853 567 2059 614 l‘eunuina

576 653 591 672 ·
620 631 663 676 di
698 629 899 674 dieeiotto
931 627 1030 672 anni
1067 643 1121 671 nn
1157 643 1179 670 a
1217 627 1445 685 plieaziune
1477 629 1562 672 cosi
1595 635 1727 672 esatta
1771 629 1809 672 ai
1854 628 1946 673 suoi
1980 629 2059 674 du-

574 712 590 732 ·
619 690 726 742 veri,
764 696 881 733 tauta
915 686 1120 733 assiduitii
1156 642 1238 732 alla
1273 687 1514 747 pregliiera,
1551 687 1604 731 ed
1640 702 1724 731 una
1761 689 1959 747 pazienza
1990 706 2061 734 eo·

577 773 593 792 »
622 759 737 794 tanto
770 749 926 793 eroiea.
965 747 1053 792 Ella
1086 747 1182 792 ‹liee
1214 748 1289 792 elie
1324 763 1408 791 non
1441 746 1473 791 si
1510 747 1674 791 vedeva
1697 747 1764 791 cio
1786 748 1862 792 elie
1887 749 1969 793 Dio
1995 765 2065 794 ve-

575 831 591 851 ·
622 810 720 855 nim
752 808 977 869 operando
1011 808 1077 851 nel
1113 807 1244 852 fondo
1266 807 1516 852 dell'anima
1540 823 1633 858 sua,
1664 821 1729 851 tna
1752 807 1832 851 elie
1856 809 1954 852 Essa
1980 826 2066 855 ine-

577 892 594 911 ·
621 870 786 915 desima
827 884 911 913 non
956 883 1114 927 sapeva
1157 868 1427 927 coneepirl03
1464 867 1701 912 solamente
1734 867 1812 911 elie
1846 867 2068 914 aden-ndo

575 952 591 972 ι
620 932 717 975 Essa
750 929 820 974 all’
840 928 1121 973 inelinazione
1152 928 1231 972 elie
1263 943 1397 973 aveva
1433 943 1511 986 per
1543 928 1568 972 Ι·
1589 927 1819 979 orazione,
1857 929 2009 974 veniva
2042 949 2066 975 a

577 1012 593 1032 ι
622 989 831 1050 pratieare
865 988 903 1033 le
938 988 1050 1033 virtu
1081 988 1198 1034 delle
1231 989 1346 1049 quali
1383 988 1465 1033 Dio
1498 987 1538 1033 le
1571 987 1717 1032 laeeva
1751 1004 1922 1033 nascere
1965 989 2065 1035 l'oe-

580 1072 597 1091 ι
623 1064 809 1095 easione.
837 1068 855 1089 ι

510 1141 520 1156 .
545 1146 555 1157 .
591 1112 686 1156 Vita
720 1119 866 1154 autem
900 1109 1060 1155 Sorvae
1094 1109 1174 1154 Dei
1210 1109 1300 1154 viro
1344 1110 1428 1154 iam
1474 1109 1636 1161 functo,
1687 1108 1848 1154 Eadem
1899 1109 2067 1156 nedum

569 1170 731 1217 cunetis
764 1169 986 1215 viduitatis
1018 1169 1290 1228 obligationis
1324 1169 1380 1215 ad
1412 1170 1663 1229 scrupulum
1690 1185 1823 1239 usque
1844 1169 2069 1216 satisfecit

570 1232 646 1277 sed
678 1246 863 1290 superno
895 1230 1069 1275 divinae
1100 1230 1262 1290 gratiae
1298 1230 1462 1275 lumine
1485 1244 1606 1275 mens
1629 1230 1731 1274 Eius
1757 1229 1964 1275 illustrata
1982 1231 2064 1276 Dei

570 1291 876 1337 Providentiae
907 1306 1139 1349 agnoscens
1171 1291 1473 1350 dispositiones
1497 1290 1745 1335 firmissime
1767 1289 1915 1334 statuit
1939 1290 2067 1336 relin-

568 1367 704 1412 quere
734 1350 971 1402 saeculum,
1010 1350 1125 1395 illam
1161 1367 1317 1410 nempe
1351 1360 1509 1396 terram
1542 1351 1776 1403 desertam,
1815 1359 1857 1395 et
1891 1350 2070 1410 inaquo-

571 1429 661 1458 sam
696 1427 808 1472 quae
851 1411 993 1469 spinas
1029 1418 1071 1454 ut
1107 1412 1340 1470 plurimum
1383 1420 1425 1456 et
1457 1412 1636 1456 tribulos
1675 1411 1918 1470 germinare
1940 1411 2063 1465 solet,

571 1490 619 1518 ae
653 1473 913 1531 Religiosum
948 1470 1113 1528 ingredi
1150 1472 1397 1517 lustitutum
1432 1471 1473 1515 in
1508 1489 1594 1532 quo
1629 1471 1763 1516 veluti
1798 1471 1872 1515 nos
1896 1473 2066 1517 conval-

572 1533 676 1578 lium
710 1534 924 1578 bonorum
957 1546 1140 1589 opernm
1176 1531 1336 1577 tructus
1369 1531 1607 1591 producere
1644 1531 1866 1576 uberiores
1905 1541 2062 1590 posset.

572 1595 621 1638 Et
654 1592 855 1653 quamvis
883 1591 1090 1636 charitate
1121 1592 1272 1638 adacta
1292 1626 1302 1644 .
1356 1601 1400 1637 et
1448 1592 1677 1651 prudentia
1710 1591 1886 1637 dil‘l‘erre
1921 1592 2069 1637 liuius-

570 1654 689 1699 modi
722 1651 856 1698 saneti
887 1652 1094 1711 propositi
1128 1653 1427 1698 executionem
1459 1652 1663 1697 debuerit
1683 1687 1694 1704 ‚
1744 1651 1974 1711 praecipue
2006 1669 2064 1698 ne

573 1713 708 1759 fitium
744 1711 893 1760 matris
924 1728 1030 1757 eura
1062 1721 1105 1757 et
1136 1714 1426 1760 sollieitudine
1459 1721 1662 1771 egentem
1705 1713 2063 1772 derelinqueret,

572 1782 760 1820 attamen
793 1772 1050 1819 sententiam
1085 1774 1330 1820 nullatenus
1364 1774 1564 1825 mutavit.
1601 1773 1678 1819 etsi
1713 1773 1877 1818 miiltae
1900 1774 2072 1832 nuptia-

573 1850 669 1880 rum
702 1833 1015 1896 propositiones
1047 1834 1127 1879 sibi
1164 1835 1322 1880 fuerint
1344 1851 1368 1880 a
1393 1834 1495 1878 viris
1517 1834 1732 1880 divitibus
1764 1834 1918 1879 factae.
1945 1835 2071 1881 Dicta

575 1896 690 1941 testis
722 1895 914 1956 (Summ.
950 1894 1062 1939 ibid.
1090 1911 1188 1956 pag.
1221 1897 1311 1955 10).
1343 1917 1359 1936 ι
1391 1897 1447 1940 La
1483 1895 1652 1955 perdita
1675 1895 1746 1939 del
1771 1911 1848 1939 suo
1872 1904 2070 1940 consorte

579 1977 595 1997 ι
623 1957 662 2001 le
696 1957 819 2001 riusei
853 1955 1195 2009 sensibilissima,
1233 1957 1501 2001 nondimeno
1543 1955 1782 2001 vedendosi
1823 1955 2066 2001 sbarazzata

578 2038 596 2057 ο
623 2018 694 2062 dei
727 2017 821 2062 suoi
853 2016 973 2068 beni,
1010 2030 1035 2060 e
1068 2018 1320 2075 prendendo
1355 2017 1398 2062 la
1429 2015 1686 2061 risoluzione
1717 2016 1762 2060 di
1798 2015 1976 2060 ritirarsi
1997 2016 2069 2062 dat

577 2098 594 2118 »
623 2078 803 2130 mondo,
840 2092 936 2122 rese
965 2077 1106 2136 grazie
1137 2093 1162 2123 a
1195 2079 1294 2129 Dio,
1332 2093 1422 2122 non
1443 2076 1649 2122 dovendo
1688 2092 1855 2121 tensare
1878 2077 1931 2121 ad
1954 2077 2069 2121 altro

581 2159 597 2178 ι
624 2139 702 2183 elie
734 2154 758 2183 a
791 2138 887 2188 lani,
922 2153 949 2182 e
979 2137 1035 2182 ad
1067 2138 1251 2183 educare
1283 2138 1310 2183 il
1343 2154 1422 2183 suo
1456 2136 1572 2195 figtio
1615 2092 1687 2196 pel
1734 2153 1812 2182 suo
1848 2137 2067 2196 servigio,

577 2218 594 2239 ο
623 2197 915 2258 aggiornando
946 2214 970 2242 a
1006 2199 1169 2243 motivo
1199 2199 1314 2244 delle
1345 2213 1449 2243 cure
1491 2197 1570 2241 elie
1622 2197 1712 2241 Ella
1760 2197 1818 2256 gli
1865 2197 2033 2242 doveva
2056 2232 2066 2250 ,

582 2278 598 2299 ι
627 2259 951 2318 l'eseguimento
983 2258 1053 2303 del
1086 2274 1164 2303 suo
1198 2266 1395 2318 progetto
1428 2256 1471 2302 di
1506 2257 1699 2303 rendersi
1733 2257 2071 2317 Religiosa.·1⁴]t

574 2318 750 2364 inferius
783 2335 882 2378 pag.
922 2316 995 2362 Η.
1034 2317 1091 2363 ita
1124 2320 1219 2378 lpsa
1255 2318 1550 2379 prosequitur:
1581 2339 1598 2359 ο
1628 2320 1685 2363 La
1718 2319 1850 2364 Serva
1893 2318 1938 2363 di
1983 2319 2072 2363 Dio

578 2400 597 2418 ι
623 2396 698 2424 era
732 2379 919 2439 ripututa
953 2394 1032 2437 per
1065 2395 1146 2425 una
1180 2379 1326 2424 donum
1360 2379 1406 2424 di
1440 2379 1606 2439 grande
1640 2379 1842 2439 giudizio,
1863 2395 1887 2425 e
1910 2379 1955 2424 di
1980 2395 2070 2424 uno

581 2459 601 2481 ι
624 2439 774 2499 spirito
807 2439 1047 2499 superiore.
1085 2441 1142 2485 La
1176 2457 1252 2486 sua
1286 2440 1416 2492 virtu,
1455 2441 1481 2484 il
1515 2456 1593 2485 suo
1612 2440 1732 2484 buon
1754 2456 1903 2494 cuore,
1927 2439 1966 2485 la
1989 2456 2067 2485 sua

581 2521 597 2541 ι
626 2501 773 2545 abilita
805 2517 884 2561 per
917 2502 1016 2559 ogni
1051 2510 1163 2546 sorta
1205 2502 1249 2546 di
1298 2501 1420 2547 affari
1462 2501 1722 2560 supplivano
1764 2500 2071 2547 abbondante-

582 2582 598 2601 ι
626 2569 770 2606 mente
804 2562 843 2606 ai
877 2561 980 2606 doni
1017 2561 1132 2606 della
1166 2562 1366 2615 fortuna,
1402 2578 1427 2606 e
1461 2561 1498 2606 la
1535 2561 1742 2607 lacevano
1775 2563 1985 2606 ricercare
2016 2562 2072 2607 da

581 2642 598 2662 ι
626 2621 770 2681 partiti
804 2622 937 2668 molto
973 2623 1254 2682 vantaggiosi.
1289 2623 1334 2669 Si
1365 2622 1572 2668 oll'rirono
1605 2622 1746 2667 alcuni
1768 2622 1893 2668 amici
1916 2639 1941 2667 a
1962 2623 2072 2668 l'arle

583 2702 600 2723 ι
626 2682 742 2728 delle
774 2682 1070 2742 anticipazioni
1093 2684 1345 2736 necessarie,
1372 2682 1488 2728 onde
1509 2691 1661 2743 potere
1685 2683 1920 2728 ristabilire
1943 2683 1957 2727 i
1978 2683 2073 2728 suoi

582 2763 599 2784 ι
625 2742 760 2796 affari,
798 2760 868 2788 ma
901 2744 1024 2789 dessa
1059 2761 1083 2789 a
1116 2752 1226 2789 tutto
1258 2744 1291 2788 si
1325 2744 1463 2789 rieuso
1483 2743 1724 2802 gettandosi
1747 2759 1873 2790 senza
1908 2744 2073 2789 riserva

581 2824 598 2845 ι
626 2804 740 2849 nelle
772 2804 941 2850 braceia
973 2804 1088 2849 della
1120 2806 1434 2850 Provvidenza.
1469 2805 1507 2850 Α
1539 2806 1795 2866 qualunque
1835 2806 1993 2850 istanza
2027 2806 2070 2850 le

581 2884 599 2907 ι
626 2864 792 2910 venisse
826 2866 958 2917 latta,
997 2867 1095 2910 Essa
1127 2881 1301 2925 sempre
1332 2866 1593 2926 rispondeva
1630 2866 1709 2911 elie
1752 2882 1837 2913 non
1876 2866 2076 2912 avrebhe

582 2945 601 2966 ι
626 2925 829 2987 giamrnai
864 2926 1047 2972 annuite
1079 2943 1102 2972 a
1134 2928 1295 2974 novelli
1328 2926 1538 2988 sponsali.
1561 2947 1579 2971 ι
