2624 3552
2016 267 2066 311 71

561 337 618 381 ita
663 335 973 396 prosequitur
1015 354 1030 373 ι
1072 335 1134 378 110
1169 342 1298 378 avuto
1320 335 1545 380 occasione
1580 335 1624 380 di
1653 351 1883 381 conoscere
1916 338 1980 382 sul
2015 339 2076 384 la-

568 416 584 437 ·
610 413 663 456 go
696 397 917 456 superiore
953 395 1097 464 <Staio
1125 394 1170 438 di
1217 396 1443 453 Michigan,
1469 396 1576 441 Stati
1601 396 1735 459 Uniti)
1772 413 1854 443 una
1890 398 2081 458 Religio-

569 477 584 497 ·
612 473 658 502 sa
689 457 888 502 Orsoliua
925 455 969 499 d·
1004 455 1219 513 Ungheria
1243 456 1319 499 che
1349 470 1483 499 aveva
1518 455 1560 500 in
1596 461 1759 515 grande
1793 459 2079 506 venerazione

567 537 583 557 ι
612 518 649 563 la
683 520 815 564 Serva
848 517 892 561 di
929 515 1027 559 Dio.
1070 517 1125 560 La
1159 516 1391 574 Superiora
1414 516 1527 561 delle
1545 518 1741 563 Orsoline
1764 519 1809 564 di
1833 521 1938 565 New
1957 520 2076 566 York

566 597 581 619 ι
608 577 887 623 sentendomi
928 591 950 619 a
990 576 1082 620 dire
1115 577 1194 621 che
1228 576 1261 619 si
1308 577 1494 620 sarebbe
1532 585 1656 636 posto
1697 595 1824 624 mano
1861 580 1899 625 ai
1935 581 2067 627 lavori

566 660 581 678 ι
611 655 688 698 per
721 639 759 683 la
793 636 1151 683 Canonizzazione
1186 636 1299 682 della
1346 647 1489 682 nostra
1535 639 1792 684 Venerabile
1827 640 1973 685 Mulre
2008 641 2074 686 ri-

564 715 733 771 spese
755 724 783 732 -
804 700 865 743 Ne
889 713 961 741 «ra
986 698 1069 742 ben
1097 707 1136 742 te
1144 713 1261 756 mpo.
1288 725 1315 734 -
1338 699 1401 741 llo
1425 698 1560 743 intcso
1582 699 1676 743 dire
1692 701 1765 759 qui
1783 700 1897 746 dalle
1921 701 2076 748 allieve

562 781 576 799 ι
608 759 683 820 piu
722 759 873 819 grandi
897 759 967 803 (101
1006 759 1226 810 Convitto,
1253 759 1330 803 01ιο
1370 759 1480 803 nella
1516 758 1607 803 loro
1632 761 1878 806 parroechia
1902 776 1973 807 era
1997 778 2066 807 co-

563 842 578 859 »
609 821 815 873 nesciola,
854 837 878 865 0
911 827 1087 880 prognta
1130 820 1168 864 la
1212 793 1357 865 llladre
1402 819 1503 865 dcll'
1527 821 1846 866 lucirnazione.
1884 824 2076 868 Conosco

562 902 576 920 ·
607 897 688 926 una
735 897 918 941 persona
956 882 1033 925 che
1076 881 1127 926 ha
1182 889 1394 939 stampato
1438 896 1540 924 sono
1585 880 1693 925 cirea
1727 882 1838 926 dieci
1872 882 1992 935 anni,
2032 883 2070 928 la

561 963 576 981 ι
607 943 833 1002 preghiera
866 942 979 986 della
1012 944 1146 987 Serva
1181 941 1225 985 di
1268 942 1348 984 Dio
1385 966 1414 974 -
1444 942 1486 985 E·
1515 957 1592 1000 per
1631 941 1656 985 il
1696 944 1836 989 Cuore
1869 942 1939 987 del
1988 944 2073 989 mio

561 1022 578 1043 ι
606 1004 720 1048 Gesii
754 1019 841 1047 ecc.
866 1011 1248 1061 -cspressameutc
1281 1017 1356 1060 per
1383 1001 1627 1046 diffondcre
1649 1013 1799 1061 questa
1822 1003 2068 1057 divozione,

561 1084 576 1103 ι
607 1064 650 1108 in
685 1065 982 1108 riconoscenza
1016 1062 1058 1107 di
1105 1078 1188 1107 una
1240 1063 1379 1120 grazia
1426 1071 1622 1107 ottenuta
1673 1064 1783 1109 nella
1827 1080 1902 1109 sua
1944 1065 2078 1111 l'ami-

562 1146 577 1164 ·
605 1125 692 1184 gila
730 1124 815 1185 (1).
849 1144 863 1162 ·

682 1186 758 1229 99.
798 1187 928 1229 Porro
962 1199 1014 1228 ex
1037 1184 1173 1228 allatis
1209 1183 1436 1227 manifeste
1471 1184 1604 1241 liquet
1639 1185 1883 1230 sanctitatis
1902 1186 2079 1230 Famam

558 1247 643 1290 iam
680 1245 840 1290 dictam
871 1245 1034 1289 nedum
1061 1254 1204 1289 nostra
1245 1254 1386 1288 aetate
1426 1244 1586 1303 vigere,
1621 1246 1707 1289 imo
1730 1253 1772 1291 et
1806 1245 1848 1289 in
1873 1246 1965 1290 dies
1989 1261 2080 1291 ma·

554 1306 617 1365 gis
639 1322 846 1359 crescere,
884 1305 958 1350 sed
1010 1314 1051 1349 et
1090 1306 1129 1348 iu
1164 1306 1333 1350 dissitas
1356 1320 1530 1364 quoquc
1570 1308 1720 1351 mundi
1754 1307 1903 1365 plagas
1936 1306 2080 1366 quoti-

556 1368 627 1412 die
665 1368 857 1426 cvulgari
884 1383 931 1411 ac
964 1367 1221 1425 praesertim
1258 1366 1297 1410 iu
1332 1366 1485 1418 Gallia,
1522 1366 1627 1410 alias
1660 1367 1719 1412 ibi
1754 1383 1834 1412 nec
1870 1367 2085 1427 exquisita

556 1436 663 1472 esset
698 1444 810 1488 aqua
842 1428 1029 1486 sepulcri
1064 1431 1222 1471 Sorvae
1260 1428 1355 1479 Dei,
1380 1443 1521 1486 neque
1556 1428 1657 1472 illuc
1676 1429 1791 1473 dicta
1816 1444 1927 1488 aqua
1949 1437 2087 1474 trans-

558 1489 822 1533 mitteretur.
851 1490 972 1539 llinc,
1001 1488 1077 1532 etsi
1104 1488 1145 1531 in
1183 1488 1337 1539 Gallia,
1381 1497 1422 1531 01
1457 1489 1497 1532 in
1534 1490 1668 1534 natali
1697 1490 1957 1549 praesertim
1994 1490 2086 1534 1000

556 1549 761 1593 Eiusdem
796 1551 957 1594 Sei-vae
992 1549 1073 1592 Dei
1108 1549 1164 1593 de
1199 1549 1272 1593 illa
1311 1549 1534 1608 inquisitio
1571 1550 1675 1593 sieta
1701 1567 1786 1594 non
1816 1560 1880 1595 est
1920 1550 2085 1609 (idque

556 1611 613 1654 ob
646 1610 851 1655 adduct-s
884 1628 907 1654 a
943 1610 1068 1653 nobis
1102 1610 1299 1668 superius
1332 1611 1548 1668 rationes)
1585 1619 1775 1655 attamen
1826 1611 1882 1655 de
1916 1611 2083 1655 Eadem

559 1686 645 1715 non
698 1671 842 1716 minus
890 1669 996 1714 certi
1051 1685 1141 1713 csse
1192 1686 1454 1728 possumuS,
1509 1686 1556 1714 ac
1616 1670 1649 1714 si
1698 1672 1805 1715 sacta
1854 1671 2085 1730 inquisitio

557 1731 666 1775 inibi
715 1731 878 1775 luisset.
916 1732 1007 1774 lmo
1042 1730 1095 1774 (10
1131 1731 1280 1788 vigore
1329 1731 1575 1775 huiusmodi
1620 1732 1866 1777 Sanctitatis
1922 1734 2086 1777 Famae

555 1793 598 1836 in
634 1792 775 1837 Gallia
812 1793 1071 1836 luculentius
1107 1792 1407 1835 testimouium
1452 1791 1606 1835 eadem
1645 1793 1763 1836 testis
1798 1793 1924 1837 nobis
1959 1792 2086 1837 exhi-

562 1854 636 1897 bet
670 1853 733 1897 his
767 1854 928 1898 verbis:
973 1873 987 1890 ι
1028 1853 1249 1896 Abbiamo
1282 1853 1355 1911 qui
1392 1868 1448 1895 un
1482 1868 1587 1910 gran
1615 1868 1796 1897 numero
1821 1853 1864 1896 di
1887 1854 1987 1897 libri
2012 1870 2089 1897 an—

563 1934 579 1953 ·
605 1914 721 1962 tichi,
759 1930 782 1958 e
817 1914 891 1972 piu
917 1914 1076 1957 recenti
1112 1914 1319 1970 opusculi,
1358 1930 1382 1956 e
1420 1913 1686 1958 manoscritti
1727 1915 1805 1959 che
1837 1929 1943 1958 sono
1984 1930 2084 1959 con-

562 1994 578 2015 ·
606 1975 783 2019 siderati
819 1990 942 2018 come
976 1974 1227 2017 documenti
1268 1973 1489 2017 autentici.
1545 1974 1761 2019 Abbiamo
1814 1975 1961 2019 altresi
1998 1991 2086 2020 una

562 2056 577 2074 ι
605 2035 963 2094 cori-ispondenza
1001 2035 1220 2079 letteraria
1249 2034 1506 2078 estesissima
1542 2036 1583 2079 in
1620 2035 1684 2078 cui
1721 2036 1749 2079 il
1796 2051 1929 2079 nome
1964 2036 2087 2080 della

561 2116 577 2135 ι
606 2097 866 2140 Venerabile
903 2095 1047 2139 Mam-e
1083 2096 1205 2140 viene
1242 2095 1627 2140 incessantemcnte
1664 2096 1867 2155 ripetuto.
1902 2098 1965 2140 110
2004 2098 2089 2140 101.-

565 2177 581 2196 »
608 2165 650 2200 to
693 2172 775 2201 una
808 2157 957 2201 lettera
987 2157 1029 2200 (Ιί
1065 2157 1288 2200 Clermont
1322 2156 1517 2199 Feri-and
1553 2158 1802 2215 (Francia)
1840 2157 1984 2201 scritta
2022 2157 2086 2202 (la

564 2238 579 2256 c
609 2218 685 2276 piu
720 2218 837 2266 anni.
875 2218 986 2261 nella
1020 2216 1147 2276 ‹piale
1181 2218 1214 2260 si
1261 2233 1414 2264 narra.
1463 2218 1540 2262 che
1576 2233 1660 2261 una
1711 2218 1878 2263 novizia
1926 2218 2087 2262 facen-

564 2299 579 2316 ·
604 2279 660 2322 (10
697 2279 734 2322 la
769 2295 845 2323 sua
878 2278 1141 2337 professione
1181 2279 1235 2322 ha
1278 2279 1416 2336 legato
1463 2278 1749 2337 ciuquecento
1790 2279 1956 2323 franchi
2000 2294 2081 2337 per

567 2360 581 2377 ι
613 2339 651 2383 la
686 2355 763 2383 sua
795 2339 1168 2385 Canonizzazione.
1209 2340 1270 2382 110
1304 2340 1407 2383 10110
1444 2340 1585 2383 altresi
1629 2355 1712 2383 una
1764 2340 1917 2383 lettera
1968 2339 2089 2384 delle

566 2419 582 2439 ι
610 2401 807 2444 Orsoline
835 2401 878 2444 di
920 2402 1054 2444 Luten
1092 2401 1105 2458 (
1132 2400 1389 2458 Arcipelago
1416 2400 1528 2443 della
1558 2400 1739 2461 Grecia)
1778 2401 1820 2443 in
1847 2401 1946 2445 data
1982 2408 2092 2444 sette

571 2482 585 2500 ι
614 2462 800 2506 Ottobre
854 2462 971 2505 mille
1019 2468 1235 2505 ottocento
1273 2461 1544 2505 settautadue
1591 2462 1632 2505 in
1669 2463 1736 2505 cui
1773 2462 1930 2520 parlasi
1969 2461 2085 2505 della

575 2542 589 2559 ·
618 2522 880 2566 Venerabile
919 2525 1051 2567 Serva
1101 2523 1144 2566 di
1193 2521 1274 2565 Dio
1307 2537 1386 2565 eon
1438 2522 1477 2565 la
1520 2523 1595 2579 piu
1638 2522 1803 2580 grande
1840 2522 2091 2565 venerazio-

573 2602 588 2622 ι
618 2599 671 2626 ne
704 2582 788 2642 (2).
829 2605 843 2622 ι
886 2585 969 2626 Nec
1004 2584 1159 2627 mirum
1211 2583 1386 2626 omnino
1424 2583 1541 2641 quod
1573 2584 1613 2626 in
1649 2583 1789 2627 Gallia
1831 2583 2092 2641 praesertim

564 2645 736 2703 vigeat,
775 2652 817 2688 et
861 2651 999 2688 eescat
1035 2645 1076 2687 in
1110 2645 1203 2688 dies
1248 2644 1380 2702 magis
1418 2645 1547 2688 Fama
1593 2644 1750 2688 isthaec
1799 2643 2050 2688 Sanctitatis
2078 2678 2088 2694 ,

564 2705 921 2766 quandoquidem
957 2707 1112 2749 scimus
1146 2704 1264 2765 quod
1302 2706 1366 2749 vel
1404 2705 1461 2748 ab
1506 2705 1696 2765 ingressu
1732 2705 1940 2749 Eiusdem
1986 2706 2101 2750 Scr—

693 2828 760 2886 (l)
794 2828 949 2870 Smnm.
989 2843 1086 2885 paq.
1126 2828 1216 2871 ’174
1250 2827 1323 2887 gg.
1363 2827 1590 2872 175-472.

702 2889 768 2948 (2)
800 2890 956 2933 Summ.
990 2903 1095 2947 pnq.
1134 2890 1224 2932 475
1258 2888 1330 2949 SS.
1372 2889 1567 2932 ’118-19.
