2728 3568
799 240 862 288 88

806 337 824 357 ι
851 315 889 360 al
924 323 1060 376 punto
1091 313 1136 360 di
1171 327 1353 375 pregare
1385 311 1413 358 il
1445 329 1523 359 suo
1557 312 1720 359 Divino
1751 313 1886 375 Sposo
1918 330 1942 360 a
1974 314 2204 364 moderare
2248 314 2289 365 le

808 397 825 417 ι
852 392 927 421 sue
959 375 1113 436 grazie,
1149 374 1327 420 aflinehe
1361 374 1451 420 Ella
1483 382 1653 436 potesse
1670 373 1886 421 obhedire
1907 390 1931 419 a
1952 376 2092 431 Colui,
2114 377 2142 423 il
2159 379 2291 439 quale

806 459 824 478 D
853 437 998 482 l'aeeva
1031 436 1071 480 le
1102 435 1147 481 di
1182 435 1241 480 lui
1275 434 1386 481 veei.
1425 436 1481 480 La
1515 434 1708 495 giustizia
1741 433 1786 481 fu
1819 434 1899 481 che
1930 435 1969 481 le
2002 436 2093 483 l'eee
2123 439 2291 484 eserei-

808 519 825 539 ι
854 506 944 542 tare
976 512 1026 541 su
1060 495 1104 541 di
1137 512 1184 542 se
1216 496 1453 542 medesima
1476 496 1590 542 delle
1611 496 1906 557 spaventevoli
1928 497 2153 551 auster-ita,
2179 498 2296 545 onde

805 579 821 598 .
851 556 1022 602 ridurre
1070 556 1109 602 al
1143 556 1260 602 nulla
1293 563 1405 602 tutto
1436 557 1502 602 οἱὸ
1522 591 1534 611 ,
1582 557 1661 602 elie
1693 564 1848 617 poteva
1880 572 2021 603 essere
2068 560 2291 606 contrario

804 640 820 658 .
847 617 927 663 alla
964 616 1132 663 inlinita
1165 618 1332 664 Santita
1363 617 1408 662 di
1443 619 1542 663 Dio.
1580 619 1645 663 Da
1678 617 1744 663 oio
1775 617 1853 663 elie
1896 617 2084 677 precede
2116 618 2157 665 io
2188 636 2291 666 eon-

805 699 821 720 ι
848 678 1024 751 cliiudo,
1059 677 1137 724 elie
1170 678 1210 724 la
1241 678 1581 739 giustiziadella
1614 678 1760 724 Madre
1791 676 1893 724 dell’
1909 679 2214 726 incarnatione
2247 680 2292 726 fu

807 761 822 779 υ
851 755 1007 785 eroiea.
1035 760 1051 779 ι

677 799 783 844 168.
821 799 1078 845 Huiusmodi
1111 800 1317 846 Iustitiam
1352 799 1487 846 Serva
1522 800 1600 845 Dei
1634 799 1818 845 servavit
1849 813 2022 860 quoque
2056 799 2192 846 relate
2233 802 2290 847 ad

797 869 998 921 parentes
1030 876 1137 922 quos
1169 876 1194 905 a
1227 860 1452 921 primaevo
1473 877 1579 907 suae
1599 862 1716 907 vitae
1736 860 1882 913 eoluit,
1908 860 2056 922 eisque
2080 860 2123 906 in
2145 861 2290 906 omni·

803 923 885 966 bus
917 921 1252 980 obtemperavit.
1290 923 1379 966 lloe
1411 936 1547 967 unum
1581 922 1659 968 liae
1706 922 1894 981 desuper
1925 937 1972 966 re
2002 919 2182 966 sullieiat
2214 922 2293 968 ad·

802 991 951 1027 notare
984 980 1101 1053 quod
1135 983 1231 1041 ipsa
1263 996 1386 1027 serva
1421 983 1502 1027 Dei
1536 982 1625 1028 vim
1661 982 1898 1028 maximam
1930 981 2010 1027 sibi
2046 980 2218 1036 faciens,
2246 991 2293 1028 et

796 1043 860 1088 sui
884 1042 1016 1087 animi
1041 1042 1303 1087 inclinationi
1338 1043 1512 1102 nuptias
1533 1043 1796 1089 contraxerit
1830 1043 1961 1103 idque
1985 1058 2041 1087 ne
2065 1051 2293 1102 parentum

796 1104 886 1149 illas
919 1103 966 1148 Ei
1003 1103 1339 1162 proponentium
1376 1104 1589 1149 voluntati
1623 1104 1863 1155 obsisteret,
1884 1103 2061 1148 Testis!
2096 1104 2289 1164 (Summ.

800 1178 920 1209 num.
942 1165 997 1208 ΙΙΙ
1017 1179 1114 1225 pag.
1133 1165 1200 1223 8).
1225 1185 1240 1203 ι
1265 1164 1476 1209 Venendo
1508 1180 1532 1209 a
1565 1180 1720 1224 sapere
1753 1163 1818 1223 (S.
1838 1164 1917 1224 D.)
1951 1163 1989 1208 la
2022 1162 2293 1209 determina-

804 1247 819 1264 ·
849 1226 970 1270 zioue
1003 1225 1104 1269 latta
1137 1224 1209 1269 dai
1241 1225 1332 1269 suoi
1356 1224 1540 1284 genitori
1562 1225 1606 1270 di
1630 1224 1790 1269 volerla
1817 1224 2034 1274 maritare‚
2062 1224 2153 1269 Ella
2172 1225 2288 1270 disse

805 1308 821 1325 ι
848 1286 929 1330 alla
965 1301 1039 1330 sua
1072 1284 1238 1330 madre:
1271 1286 1362 1329 —lo
1397 1284 1455 1330 mi
1489 1285 1620 1330 eredo
1656 1293 1804 1330 tenuta
1838 1284 1892 1330 ad
1938 1283 2173 1337 obhedire,
2221 1301 2292 1331 ina

804 1368 820 1386 ι.
847 1362 890 1391 se
924 1346 1008 1389 Dio
1040 1346 1098 1389 mi
1131 1345 1317 1390 eoneede
1350 1344 1388 1390 la
1421 1346 1562 1405 grazia
1595 1346 1638 1391 di
1672 1346 1812 1391 darmi
1847 1361 1904 1390 un
1940 1344 2074 1405 liglio,
2113 1346 2153 1390 io
2186 1362 2290 1405 pro-

803 1429 819 1446 ·-
848 1414 985 1451 metto
1017 1406 1060 1451 di
1095 1406 1315 1451 dedicarlo
1349 1407 1389 1451 al
1412 1423 1489 1451 suo
1511 1407 1708 1460 servizio,
1730 1421 1815 1451 ese
1833 1406 1875 1451 in
1894 1406 2062 1466 seguito
2080 1405 2139 1450 mi
2156 1406 2293 1452 rende

801 1489 817 1507 ο
846 1468 999 1519 libera,
1036 1467 1092 1527 gli
1126 1475 1343 1527 prometto
1376 1468 1421 1512 di
1455 1467 1691 1527 dedicargli
1729 1482 1799 1512 me
1830 1475 1977 1513 stessa.
2004 1487 2020 1506 ·

672 1528 778 1573 169.
815 1528 899 1575 Sed
932 1528 1063 1573 etiam
1108 1535 1303 1587 respectu
1337 1528 1392 1573 ad
1429 1528 1566 1573 tilium
1616 1527 1787 1574 heroice
1834 1529 1942 1573 iusta
1974 1527 2116 1572 extitit.
2149 1528 2287 1574 Serva

795 1590 893 1635 Dei.
930 1589 981 1633 Et.
1013 1603 1115 1633 sane
1148 1588 1254 1649 quid
1286 1604 1438 1634 causae
1473 1588 1552 1633 luit
1584 1605 1661 1636 eur
1696 1590 1789 1648 lpsa
1824 1587 1911 1633 vita
1946 1589 2038 1633 viro
2069 1605 2147 1634 suo
2188 1588 2294 1633 l'un-

792 1659 860 1695 eto
891 1649 1037 1694 statim
1074 1649 1285 1694 mundum
1321 1665 1407 1694 non
1449 1649 1720 1712 dereliquit,
1768 1657 1813 1693 ut
1853 1649 2100 1708 religiosum
2129 1656 2293 1694 statum

793 1711 856 1755 uti
891 1710 932 1755 in
968 1709 1078 1755 votis
1111 1709 1271 1755 iamdiu
1306 1710 1534 1764 habuerat,
1562 1711 1922 1769 amplecteretur?
1944 1712 2057 1754 llaec
2081 1725 2165 1754 una
2190 1725 2292 1769 pro-

793 1772 902 1817 seeto
935 1770 1014 1816 luit
1056 1771 1188 1824 ratio,
1227 1786 1281 1815 ne
1314 1771 1537 1816 desereret
1585 1771 1719 1816 lilium
1753 1771 1827 1831 qui
1861 1785 1957 1816 eum
1989 1778 2104 1816 esset
2145 1770 2289 1816 adhue

793 1832 931 1877 infans
954 1841 1146 1877 materna
1169 1848 1285 1885 eura,
1305 1841 1348 1877 et
1366 1832 1654 1877 sollicitudine
1675 1834 1837 1878 Servae
1860 1831 1940 1877 Dei
1964 1832 2291 1892 quammaxime

796 1893 1035 1951 indigebat.
1075 1893 1198 1937 Unde
1244 1892 1449 1937 laudabili
1497 1894 1576 1939 liae
1621 1893 1677 1938 de
1713 1908 1837 1938 causa
1871 1901 1914 1938 et
1946 1891 2146 1952 apprime
2178 1891 2290 1937 iusta

794 1954 1033 2013 ingressum
1067 1954 1107 1997 iu
1127 1953 1396 2013 Religionem
1430 1953 1771 2000 ‹tisuntitssrestis
1789 1953 2207 2013 Vll(Sum¹n.num.
2232 1954 2289 1997 nt

791 2030 892 2074 pag.
916 2014 1013 2074 40.)
1053 2035 1069 2054 ι
1094 2014 1150 2058 La
1184 2014 1353 2073 perdita
1387 2014 1457 2059 del
1491 2031 1568 2059 suo
1599 2022 1795 2061 consorte
1827 2014 1868 2059 le
1901 2014 2023 2058 riusei
2053 2013 2290 2058 sensibilis-

799 2096 815 2115 ·
842 2076 964 2127 sima,
1003 2074 1269 2120 nondimeno
1318 2075 1558 2120 vedendosi
1606 2076 1848 2121 sbarazzata
1882 2074 1949 2119 de'
1967 2074 2059 2118 suoi
2105 2074 2227 2126 beni,
2265 2090 2289 2119 e

799 2158 815 2175 ι»
844 2135 1097 2197 prendendo
1122 2136 1161 2180 la
1186 2136 1436 2180 risoluzione
1457 2136 1502 2180 di
1533 2136 1709 2182 ritirarsi
1734 2136 1802 2181 dal
1828 2135 2004 2187 mondo,
2032 2150 2125 2179 rese
2147 2135 2290 2194 grazie

797 2219 814 2237 ι
843 2215 866 2242 a
902 2198 999 2247 Dio,
1038 2212 1121 2241 non
1155 2196 1358 2241 ‹lovendo
1393 2198 1488 2241 Essa
1526 2213 1707 2256 pensare
1740 2197 1794 2242 ad
1829 2197 1956 2246 altro,
1991 2195 2070 2240 che
2093 2213 2115 2240 a
2140 2196 2234 2248 Lui,
2262 2212 2286 2240 e

798 2280 815 2298 ι
843 2258 899 2303 ad
933 2258 1119 2302 educare
1151 2257 1179 2301 il
1213 2273 1290 2301 suo
1324 2257 1443 2316 figlio
1478 2259 1545 2316 pel
1580 2274 1657 2303 suo
1689 2258 1891 2317 servigio,
1928 2256 2223 2315 aggioruando
2265 2274 2288 2301 a

800 2340 816 2359 a
844 2318 1009 2363 motivo
1040 2317 1156 2363 delle
1187 2334 1305 2370 eure,
1344 2319 1423 2363 elie
1457 2319 1545 2363 Eua
1570 2320 1625 2377 gli
1650 2319 1835 2370 devovit,
1863 2317 2186 2377 l'eseguimento
2215 2317 2287 2362 del

799 2403 815 2419 ι
844 2396 923 2424 suo
958 2387 1154 2439 progetto
1185 2379 1230 2423 di
1266 2379 1458 2424 rendersi
1493 2380 1726 2439 Religiosa.
1766 2400 1782 2419 ι
1821 2381 1870 2423 Et
1903 2379 1999 2423 lieet
2032 2377 2089 2422 nd
2124 2378 2292 2423 iteran-

790 2442 870 2487 das
919 2442 1091 2500 nuptias
1140 2440 1298 2486 Eadem
1346 2443 1480 2487 Serva
1536 2441 1613 2485 Dei
1664 2440 1925 2485 excitaretur
1965 2439 2048 2484 sub
2088 2447 2288 2498 pretextu

793 2501 988 2547 utilitatis
1021 2503 1251 2561 propriae,
1285 2511 1329 2547 et
1364 2502 1469 2553 lilii,
1523 2510 1711 2546 attamen
1757 2503 1848 2562 lpsa
1892 2515 2042 2545 verum
2092 2500 2288 2545 eiusdem

790 2563 922 2623 prolis
969 2562 1248 2607 commodum
1295 2571 1339 2608 et
1388 2564 1554 2607 bonum
1603 2563 1769 2607 curavit
1819 2562 1939 2607 illum
1971 2560 2146 2606 divinae
2180 2563 2285 2605 l’ro-

794 2625 1012 2669 videntiae
1043 2623 1353 2668 commendans
1388 2624 1448 2667 uti
1482 2640 1535 2667 ex
1586 2624 1683 2668 Eius
1729 2623 1875 2668 verbis
1911 2623 2078 2667 eruitur
2093 2622 2285 2682 (Summ.

792 2685 900 2729 ibid.
928 2701 1026 2744 pag.
1051 2685 1147 2745 ll.)
1189 2706 1203 2723 ·
1230 2688 1261 2729 A
1298 2683 1552 2747 qualunque
1586 2684 1742 2729 istanza
1768 2684 1806 2729 le
1830 2684 1993 2728 venisse
2027 2683 2152 2734 l'atta,
2190 2684 2289 2727 Essa

797 2768 812 2785 ι
843 2762 1013 2806 senipre
1046 2745 1319 2805 rispondeva,
1358 2746 1437 2790 che
1471 2761 1556 2789 non
1593 2746 1786 2790 avrebbe
1819 2744 2022 2803 giammai
2057 2743 2237 2789 annuite
2262 2760 2285 2788 a

797 2828 813 2846 ι»
843 2807 999 2852 novelli
1048 2808 1236 2864 sponsali
1260 2843 1268 2859 ,.
1317 2808 1397 2851 elie
1432 2807 1513 2850 Dio
1548 2806 1581 2850 si
1632 2806 1936 2866 prenderebbe
1969 2822 2069 2851 eura
2104 2805 2173 2851 del
2208 2821 2288 2848 suo

797 2888 813 2903 »ι
843 2868 975 2928 liguo,
1014 2867 1166 2928 poiche
1203 2870 1296 2913 tissa
1331 2869 1416 2929 glie
1450 2868 1490 2911 lo
1513 2883 1648 2913 aveva
1669 2876 1935 2928 consagrato,
1957 2867 2034 2912 elie
2060 2867 2102 2911 iu
2125 2874 2288 2927 quanto

2641 2476 2716 2519 474
