2608 3568
543 277 605 321 94

554 371 572 390 ι
600 365 655 394 ne
690 350 863 401 facesse,
886 349 1187 409 diportandosi
1215 366 1377 409 ognora
1413 365 1534 395 verso
1556 349 1601 395 di
1638 351 1696 394 tui
1727 366 1805 396 con
1828 350 1952 396 dotce
1971 370 2068 412 gra-

557 429 574 450 »
603 412 707 455 vitiu.
745 413 905 454 Diceva
946 411 987 454 in
1016 427 1221 470 appresso
1286 421 1404 456 nesto
1429 411 1633 471 figlinum,
1659 411 1736 455 che
1769 427 1862 455 esso
1900 422 2064 459 restava

559 492 575 511 ι
605 471 784 516 tuttavia
821 472 986 530 rupim,
1023 428 1306 531 altorquauiio
1355 473 1509 516 veniva
1553 488 1576 516 a
1609 472 1826 516 ricordare
1867 472 1907 516 le
1945 483 2065 518 sante

559 551 576 574 ι
605 532 892 590 impressioni,
930 548 954 576 e
988 533 1027 578 le
1059 532 1233 577 salutari
1270 533 1484 577 istruzioni
1517 533 1594 576 che
1632 534 1724 577 Essa
1766 534 1817 589 gii
1851 532 1987 585 davo,
2026 536 2064 579 ia

558 613 575 632 ι
602 593 690 637 vita
724 593 880 636 celeste
912 594 991 637 ebe
1028 609 1236 645 menava,
1276 594 1314 638 ia
1349 595 1603 638 ritenutezza
1637 593 1706 638 de!
1741 633 1745 637 ,
1779 611 1816 636 m
1854 604 2065 654 eontegno

558 673 574 692 ι
605 653 632 697 i!
666 653 793 713 quale
827 669 910 696 non
945 670 1017 698 era
1054 670 1181 698 meno
1215 670 1345 713 grave
1380 655 1623 699 trovandosi
1658 654 1744 699 sota
1777 657 1821 699 di
1856 656 1958 713 quel
1990 657 2067 700 che

558 734 575 753 ι
605 714 645 757 io
678 730 749 758 era
782 729 827 757 se
862 721 1026 759 trovato
1059 715 1091 758 si
1127 715 1236 760 fosse
1269 715 1348 759 alia
1399 731 1601 774 presenza
1634 716 1679 760 di
1729 731 1912 774 persone
1955 716 2070 761 della

560 795 575 813 ι
607 775 681 833 piu
714 775 799 820 alta
833 775 1087 819 condizione
1121 777 1204 835 (1).
1240 799 1256 816 n
1295 777 1450 820 Mirum
1501 777 1689 834 profecto
1737 777 1856 837 quod
1907 778 2070 821 Servae

558 836 636 879 Dei
674 836 786 880 tilius
819 851 949 894 quem
983 853 1007 880 a
1043 837 1251 893 genitrice.
1269 854 1342 881 sua
1365 837 1615 881 derelictum
1652 845 1873 895 tantopere
1906 838 2068 882 iamen-

557 903 670 939 tatur
706 896 990 940 Adversarius
1026 905 1115 940 tum
1155 913 1254 941 cum
1298 907 1587 942 maternarum
1638 914 1833 942 curarum
1884 899 2072 943 maxime

554 956 783 1014 indigeret,
824 956 938 1000 unde
973 957 1082 1001 bane
1115 958 1270 1015 agendi
1306 959 1514 1003 rationem
1550 958 1665 1003 idem
1707 959 1889 1003 defectui
1941 959 2076 1003 ebari-

557 1017 668 1067 tatis‚
707 1016 908 1067 iustitiae,
946 1026 989 1060 et
1024 1018 1284 1076 prudentiae.
1319 1020 1493 1072 tribuit,
1532 1021 1688 1063 mirum
1735 1020 1909 1078 inquam
1956 1020 2073 1079 quod

555 1076 622 1121 bic
657 1077 766 1121 filius
799 1077 1005 1135 grandior
1041 1078 1170 1122 sactus
1207 1088 1320 1124 tanta
1355 1082 1420 1124 sui
1455 1081 1594 1126 cordis
1629 1080 1803 1130 laetitia,
1832 1089 1873 1125 et
1906 1082 2072 1125 exulta-

562 1138 678 1181 tione
713 1146 927 1181 inateruas
961 1140 1118 1183 Servae,
1153 1142 1231 1184 Dei
1258 1158 1377 1184 euros
1395 1142 1479 1185 sibi
1501 1142 1718 1200 praestitas
1740 1150 2068 1192 commemoret,

555 1206 599 1243 et
634 1199 841 1242 maximas
876 1198 950 1242 bae
982 1200 1037 1243 de
1071 1217 1195 1244 eausa
1229 1202 1366 1246 dictae
1418 1202 1541 1246 matri
1590 1218 1691 1245 suae
1739 1201 1897 1260 gratias
1947 1217 2074 1259 agere

555 1275 641 1302 nou
677 1268 825 1302 cesset.
864 1260 1030 1318 Cuique
1064 1270 1177 1304 eerte,
1212 1261 1338 1306 datur
1373 1263 1549 1321 intelligi
1575 1263 1671 1321 quis
1694 1262 1834 1320 potior
1848 1263 1899 1305 sit
1922 1263 2069 1312 iudex,

554 1320 597 1362 in
637 1321 829 1364 subiecta
867 1321 1058 1372 materia,
1087 1339 1138 1365 an
1174 1325 1334 1367 Censor
1367 1324 1549 1367 eximius
1582 1324 1655 1382 qui
1691 1323 1776 1367 duo
1813 1332 1853 1366 et
1886 1323 2075 1382 amplius

556 1389 649 1439 post
685 1382 881 1431 saecula,
918 1390 960 1424 et
993 1382 1170 1440 quidem
1208 1384 1262 1427 ad
1297 1386 1358 1427 sui
1414 1385 1603 1428 numeris
1652 1392 1790 1442 partes
1836 1384 2073 1442 expiendas

556 1450 898 1499 argumentatur,
918 1442 982 1484 vet
1020 1444 1159 1502 potius
1195 1444 1305 1488 filius
1339 1445 1410 1505 qni
1447 1446 1502 1489 de
1536 1446 1645 1489 facto
1669 1446 1843 1503 proprio
1869 1445 2072 1503 loquitur,

555 1508 599 1545 et
632 1503 751 1560 quod
786 1502 919 1559 magis
951 1512 1014 1546 est
1050 1505 1310 1558 notandum,
1332 1507 1363 1549 si
1402 1521 1500 1549 vera
1533 1514 1642 1550 esset
1674 1506 1870 1549 Censoris
1903 1515 2077 1549 senten-

558 1562 630 1614 tia,
668 1563 744 1606 etsi
783 1572 829 1606 ιιι
865 1565 1102 1609 memoriae
1136 1576 1328 1623 parceret
1361 1567 1615 1625 genetricis,
1656 1565 1757 1609 nihii
1792 1575 1938 1610 eontra
1975 1568 2079 1610 Eam

555 1622 756 1674 dixisset,
795 1633 983 1667 attamen
1005 1659 1014 1675 ,
1054 1642 1130 1669 nec
1165 1634 1224 1670 tot
1259 1636 1463 1687 tantaque.
1500 1628 1540 1671 in
1576 1627 1776 1671 Eiusdem
1826 1629 2074 1670 inicornium

556 1684 804 1741 protulisset
839 1688 1089 1742 praesertim
1128 1686 1168 1729 in
1206 1688 1254 1730 iis
1286 1704 1398 1746 quae
1428 1688 1482 1731 ad
1515 1704 1635 1732 suam
1665 1688 1877 1745 pertinent
1913 1688 2077 1731 iustitu-

560 1744 738 1787 tionem.

686 1805 789 1847 116.
831 1807 887 1848 Ex
921 1807 1079 1865 quibus
1113 1808 1315 1852 omnibus
1350 1809 1498 1868 apertis
1523 1809 1619 1853 :ime
1642 1809 1852 1853 evincitur
1885 1809 1964 1852 Dei
2000 1811 2075 1852 Fu-

555 1865 723 1908 mulam
758 1867 960 1911 Sororem
988 1868 1161 1911 Mariam
1186 1870 1242 1912 ab
1267 1870 1561 1913 tuem-natione
1591 1870 1631 1913 in
1661 1872 1856 1914 universo
1890 1870 1968 1912 hoe
2004 1885 2077 1912 ne-

555 1926 671 1983 gotio
707 1942 789 1969 nou
829 1935 992 1971 tamum
1032 1928 1271 1973 nullimode
1304 1939 1449 1974 contra
1483 1931 1758 1981 charitatem,
1797 1930 2000 1973 iustitiam
2035 1938 2077 1973 et

555 1987 836 2044 prudentiam
862 1989 927 2031 vei
963 1990 1191 2033 minimum
1217 1991 1466 2049 deliquisse,
1496 1992 1556 2035 uti
1590 1991 1672 2034 sibi
1709 1991 1829 2048 tingit
1862 1991 2075 2034 Adversa-

556 2047 647 2090 rius
683 2050 1092 2104 praestantissimus,
1119 2052 1193 2094 sed
1229 2067 1253 2095 e
1287 2062 1435 2096 eontra
1470 2053 1633 2111 optime
1662 2061 1703 2096 et
1736 2066 1905 2095 summa
1939 2051 2079 2095 cinari-

557 2115 659 2158 tate‚
700 2108 883 2159 iustitia,
923 2120 964 2153 et
1002 2111 1231 2169 prudentia
1269 2112 1471 2170 ¹singulari
1507 2129 1596 2156 sese
1629 2114 1805 2172 gessisse
1840 2120 1972 2170 atque
2006 2112 2079 2155 id-

555 2169 667 2211 circo
703 2170 856 2213 merito
889 2187 911 2214 a
945 2172 1030 2215 suis
1064 2175 1230 2216 coaevis
1253 2182 1293 2216 et
1317 2174 1496 2232 posteris
1531 2174 1578 2217 iis
1614 2174 1840 2233 praecipue
1874 2174 1951 2231 qui
1987 2173 2079 2231 pie-

557 2237 662 2280 tate,
688 2239 729 2273 et
763 2229 953 2275 doctrina
978 2249 1082 2291 piae
1099 2235 1279 2279 caeteris
1304 2243 1533 2294 praestant,
1560 2236 1738 2279 summis
1764 2236 1840 2279 bac
1862 2234 1918 2277 de
1954 2249 2079 2277 causa

557 2290 733 2333 laudum
762 2294 999 2349 praeconiis
1024 2295 1151 2337 fuisse
1175 2297 1456 2345 celebratam,
1484 2305 1524 2339 et
1550 2297 1629 2340 hoc
1650 2297 1753 2355 quia
1776 2313 1828 2339 ex
1854 2311 1931 2337 sua
1958 2303 2077 2351 parte

557 2351 720 2395 Eadem
757 2354 889 2396 Serva
927 2354 1006 2397 Dei
1042 2370 1215 2399 omnem
1261 2357 1472 2415 impendit
1520 2372 1667 2400 euram
1692 2391 1702 2408 ,
1745 2355 2074 2400 solticitudinem

558 2426 733 2455 omnem
771 2414 995 2469 praestitit,
1024 2417 1077 2459 ad
1102 2415 1180 2458 boc
1204 2426 1248 2460 ut
1274 2417 1383 2461 {ilius
1408 2433 1491 2460 non
1522 2426 1607 2461 tam
1645 2417 1923 2461 materiaiiwr
1945 2429 2077 2474 quam

557 2472 778 2516 moraliter
812 2484 1032 2527 cresceret,
1063 2493 1109 2520 ac
1144 2477 1386 2534 proficeret.
1424 2479 1638 2534 Quoniam
1675 2493 1775 2521 vero
1810 2477 1899 2534 ipsa
1935 2476 2074 2534 probe

559 2542 736 2577 noverat
771 2550 893 2577 curas
940 2552 1037 2580 suas
1082 2552 1230 2581 omnes
1271 2555 1318 2582 ae
1358 2539 1651 2583 solicitudines
1684 2548 1725 2582 et.
1760 2537 1992 2581 industrias
2025 2551 2079 2579 ex

557 2609 602 2637 se
636 2594 802 2653 absque
838 2596 915 2638 Dei
951 2598 1111 2641 auxitio
1147 2600 1250 2642 nihi!
1286 2600 1462 2643 omniuo
1498 2601 1756 2657 profuturas,
1795 2600 1892 2642 bine
1931 2597 2079 2640 totali—

560 2662 625 2697 ter
661 2655 699 2698 in
738 2658 829 2698 neo
863 2657 1020 2702 confisa
1072 2675 1246 2704 omnem
1296 2661 1628 2705 sollicitudinem
1665 2676 1783 2704 suam
1820 2660 2000 2717 proiecit
2035 2658 2076 2700 in

557 2716 667 2758 Eum
702 2716 802 2775 quia
841 2718 921 2774 ipsi
956 2736 1057 2764 eura
1092 2729 1153 2763 est
1201 2721 1258 2764 de.
1307 2722 1528 2765 omnibus.
1573 2725 1791 2777 Quantum
1830 2736 1932 2762 veru
1966 2718 2078 2761 dicta

553 2777 692 2820 Serva
737 2778 817 2820 Dei
853 2779 1171 2824 adlaboraverit
1218 2782 1259 2824 in
1299 2783 1465 2826 cultura
1509 2791 1591 2826 laun
1639 2784 1724 2826 cari
1764 2780 1997 2840 germinis,
2036 2788 2077 2822 et

684 2898 749 2955 (1)
784 2897 938 2942 Summa.
973 2916 1074 2958 puy.
1115 2902 1169 2944 17
1210 2903 1264 2944 18
1298 2901 1355 2962 §g
1388 2904 1551 2946 9:3-96.
