2648 3568
651 280 710 322 34

766 352 841 394 53.
871 351 945 394 llic
968 350 1097 408 paulo
1122 350 1377 401 sistendum,
1401 360 1443 394 et
1467 352 1812 412 investigandum
1839 372 1893 399 an
1918 373 1971 401 ex
1993 361 2163 420 integro

643 428 746 456 vera
781 412 862 455 sint
896 426 946 453 ea
979 426 1091 468 quae
1124 411 1325 468 opposuit
1359 412 1700 457 Animadversor
1732 416 1945 473 egregius.
1974 421 2024 463 Et
2056 437 2163 469 sane

639 489 726 517 non
760 472 907 516 omnia
941 486 1038 514 cum
1076 471 1184 514 facto
1217 472 1511 523 conveniunt,
1553 491 1601 517 ac
1646 490 1722 532 per
1753 491 2044 536 consequens,
2084 498 2162 530 nec

639 532 808 576 veritati
844 540 1019 590 possunt
1053 546 1145 574 csse
1178 531 1431 576 conformia.
1468 535 1626 578 Fateor
1668 535 1877 595 equidem
1913 541 2030 597 quod
2066 545 2161 599 pri-

638 609 735 637 mus
769 592 842 636 ille
876 594 1101 636 Processus
1124 591 1311 635 delicere
1333 592 1633 652 deprehensus
1656 596 1706 638 sit
1744 597 1788 639 in
1822 597 1886 640 his
1917 605 2161 655 praesertim

641 670 743 712 quae
776 653 1003 710 respiciunt
1035 653 1219 702 Famam,
1268 652 1393 696 aliter
1427 655 1672 699 l'ostulator
1704 672 1788 699 non
1824 671 2040 705 exorasset
2073 665 2162 707 Ar-

638 713 963 772 eliiepiseopum
998 713 1324 768 Qucbecensem
1349 714 1405 758 ad
1428 714 1560 759 alium
1586 717 1837 760 processum
1862 722 2157 777 suppletivum

638 773 980 819 construendum
1015 774 1089 835 qui
1126 774 1253 834 primi
1290 775 1485 818 nondum
1530 777 1732 834 completi
1768 778 1983 823 defectum
2019 794 2161 839 posset

638 836 858 893 supplere.
887 837 1087 882 Attamen
1124 837 1164 878 in
1202 835 1376 893 reliquis
1410 852 1505 879 cum
1541 837 1908 884 Animadversore
1940 853 2161 899 praestan-

638 896 801 944 tissimo
835 901 1080 944 nullatenus
1131 911 1301 954 possum
1351 898 1597 942 convenire.
1646 900 1697 942 Et
1732 901 1873 961 primo
1907 917 1994 946 non
2031 904 2071 947 in
2108 921 2159 950 eo

636 961 758 1025 quod
794 962 981 1008 fidenter
1014 962 1129 1008 idem
1165 960 1327 1019 asserit,
1369 965 1604 1029 unicuique
1639 965 1798 1012 scilicet
1833 971 2006 1015 testium
2041 985 2160 1014 suam

637 1030 772 1076 veluti
796 1028 1001 1077 recitandi
1025 1038 1192 1090 partem
1216 1031 1343 1075 fuisse
1377 1031 1655 1081 attributam;
1682 1032 2037 1092 quandoquidem
2072 1034 2165 1093 qui-

637 1095 746 1138 libet
781 1094 899 1137 testis
932 1094 1209 1136 cohaerenter
1244 1092 1299 1135 ad
1332 1092 1462 1136 factas
1485 1093 1564 1136 sibi
1592 1093 1951 1148 interrogationes
1985 1109 2162 1151 respon-

638 1156 718 1207 dit,
747 1170 824 1198 nec
858 1155 1017 1197 mirum
1054 1154 1087 1196 si
1121 1153 1333 1196 similibus
1375 1154 1607 1210 quaesitis,
1646 1153 1801 1197 similia
1836 1153 1936 1197 data
1969 1153 2053 1196 sint
2088 1170 2163 1198 re—

637 1232 805 1274 sponsa.
834 1217 978 1272 Atque
1001 1214 1069 1257 hic
1092 1213 1300 1257 adnotare
1324 1229 1408 1256 non
1435 1222 1587 1257 renuat
1611 1214 1816 1272 Egregius
1849 1215 2011 1258 Censor
2044 1216 2162 1272 quod

637 1276 934 1333 Quebeeensis
967 1275 1122 1319 Curiae
1156 1274 1319 1317 ludices
1348 1274 1391 1316 in
1426 1290 1475 1317 ea
1509 1274 1625 1318 firmi
1659 1274 1875 1318 sententia
1908 1275 2026 1333 quod
2061 1291 2161 1334 sup-

637 1338 776 1395 posita
810 1335 1053 1381 Sanctitatis
1087 1336 1219 1378 Fama
1252 1335 1308 1378 de
1341 1336 1473 1380 Serva
1518 1335 1627 1388 Dei,
1664 1335 1873 1379 sufficeret
1909 1335 2025 1393 quod
2059 1351 2160 1379 con-

638 1407 794 1448 staret,
832 1413 886 1440 ex
919 1397 1124 1439 Processu
1159 1396 1321 1438 cultum
1369 1396 1518 1439 Eidem
1563 1396 1805 1439 exhibitum
1842 1404 1882 1439 et
1916 1396 2162 1440 derivatum

637 1460 694 1502 ab
730 1460 821 1517 ipsa
853 1457 1097 1503 Sanctitatis
1130 1456 1337 1513 opinione
1371 1472 1457 1499 non
1491 1456 1683 1500 extitisse
1716 1457 1971 1507 solemnem,
2009 1457 2164 1514 publi-

637 1535 736 1563 cum
773 1527 814 1562 et
847 1517 1207 1568 Ecclesiasticum,
1245 1517 1322 1560 sed
1358 1517 1576 1575 privatum
1612 1519 1852 1569 dumtaxat,
1875 1518 1974 1561 hinc
2009 1518 2085 1560 toti
2121 1518 2162 1560 in

637 1596 689 1624 eo
723 1581 898 1623 fuerunt
932 1578 973 1621 in
1008 1580 1235 1621 processus
1269 1577 1467 1622 eiusdem
1500 1579 1815 1622 constructione
1835 1612 1844 1629 ‚
1875 1588 1916 1622 ut
1956 1579 2162 1636 probare-

636 1649 707 1684 tur
741 1656 793 1683 ex
829 1639 1008 1682 testibus
1042 1639 1228 1681 vetitum
1264 1638 1382 1681 illum
1417 1640 1584 1682 cultum
1619 1640 1659 1682 in
1696 1640 1913 1696 praesenti
1946 1655 2043 1682 casu
2077 1639 2164 1683 de-

635 1702 780 1752 fuisse,
819 1709 949 1757 atque
982 1700 1038 1743 ita
1074 1698 1263 1756 paritum
1299 1700 1342 1741 in
1378 1700 1584 1743 omnibus
1618 1700 1744 1743 fuisse
1776 1700 2038 1744 Urbanianis
2070 1702 2164 1743 De-

635 1762 780 1806 cretis.
819 1759 942 1803 Unde
976 1760 1132 1803 sactum
1167 1767 1227 1802 est
1265 1768 1308 1802 ut
1353 1760 1713 1818 interrogationes
1753 1760 2163 1806 Sanctimonialibus

637 1823 774 1866 factae
811 1830 855 1865 ut
890 1820 1129 1878 plurimum
1180 1820 1345 1863 cultum
1381 1828 1423 1863 et,
1455 1822 1781 1865 venerationem
1814 1822 1966 1865 Eidem
2001 1823 2162 1866 Sei-vae

634 1883 717 1926 Dei
753 1882 1005 1940 praestitum
1058 1879 1350 1938 attingerent3
1389 1881 1523 1924 relate
1566 1897 1670 1925 vero
1715 1882 1770 1925 ad
1808 1891 2000 1926 caeteros
2035 1890 2163 1925 testes

635 1943 820 1987 eaedem
854 1957 899 1985 se
933 1941 1127 1985 referunt
1160 1941 1214 1984 ad
1248 1942 1426 1985 Famam
1462 1942 1722 1993 Sanctitatis,
1760 1950 1803 1986 et
1836 1942 2159 1986 miraculorum.

634 2005 746 2048 Hinc
781 2003 923 2047 nescio
967 2018 1052 2060 quo
1094 2010 1218 2060 pacto
1266 2001 1478 2045 affirmare
1526 2020 1604 2061 pro
1654 2003 1837 2047 veritate
1878 2003 2163 2047 Adversarius

635 2073 782 2108 noster
816 2064 949 2122 possit
985 2063 1158 2120 unicui*⁴
1184 2079 1218 2104 :e
1254 2064 1428 2106 testium
1463 2079 1585 2107 suam
1612 2064 1743 2107 veluti
1778 2074 1945 2122 partem
1980 2064 2161 2107 recitan-

635 2126 739 2169 dam
773 2125 902 2168 fuisse
935 2124 1214 2168 attributam.
1236 2124 1461 2182 Numquid
1495 2125 1574 2167 hoc
1609 2125 1748 2182 ipsum
1786 2134 1926 2183 posset
1960 2123 2159 2167 affirmari

635 2186 692 2229 de
725 2188 852 2229 Teste
886 2186 941 2228 111
974 2187 1085 2228 Rffio
1119 2186 1216 2227 Dfio
1251 2186 1433 2228 Henrico
1466 2185 1714 2229 Raimundo
1760 2185 1963 2243 Casgrain
2004 2188 2164 2229 Proto-

637 2246 808 2291 Vicario
842 2246 1045 2290 Parociae
1081 2248 1134 2288 D.
1166 2247 1216 2289 N.
1255 2246 1547 2301 Quebecensis
1581 2246 1656 2304 qui
1690 2262 1743 2288 ex
1777 2262 1852 2290 sua
1887 2246 2019 2304 ipsius
2051 2261 2164 2289 con-

635 2308 819 2351 sessione
854 2323 935 2365 per
969 2308 1125 2350 multos
1159 2322 1292 2350 annos
1333 2306 1484 2350 studiis
1525 2307 1581 2350 ad
1634 2306 1812 2350 illustria
1847 2316 1965 2363 gesta
1999 2308 2163 2351 Servae

637 2368 719 2412 Dei
753 2368 1047 2426 spectantibus
1083 2367 1278 2425 impense
1315 2368 1479 2411 vacavit
1511 2376 1746 2425 antequam
1781 2367 1983 2411 Eiusdem
2020 2367 2155 2410 vitam

637 2429 787 2473 ederet
821 2428 865 2472 in
901 2428 1077 2472 lucem‘?
1112 2429 1160 2470 Et
1195 2443 1248 2472 ne
1282 2429 1413 2486 gratis
1447 2428 1526 2472 hoc
1572 2428 1721 2472 videar
1754 2443 1943 2472 asserere
1978 2427 2162 2471 investi-

636 2504 791 2548 gemus
823 2489 1053 2533 nonnullas
1096 2489 1250 2532 Eidem
1295 2489 1425 2533 factas
1457 2506 1479 2532 a
1515 2489 1737 2533 ludicibus
1781 2489 2158 2547 Interrogationes.

636 2550 709 2597 Sic
742 2559 896 2608 quarta
929 2550 1214 2608 lutei-rogatio
1247 2550 1310 2593 his
1342 2550 1491 2594 verbis
1525 2558 1732 2607 concepta
1766 2557 1844 2593 est.
1880 2570 1896 2588 ι
1921 2549 2031 2605 Qual
2065 2549 2089 2592 e
2123 2548 2162 2592 la

642 2632 658 2651 ι
687 2620 832 2655 vostra
866 2610 1070 2668 opinione
1094 2610 1202 2654 sulla
1226 2612 1359 2655 Fama
1383 2611 1430 2655 di
1464 2611 1630 2655 Santita
1654 2610 1768 2654 della
1803 2610 1948 2654 Madre
1982 2610 2163 2654 dell'ln-

643 2694 658 2711 ι
688 2672 977 2716 carnazione?
1015 2692 1031 2711 ιι
1070 2671 1148 2715 Cui
1191 2671 1369 2730 quidem
1415 2672 1472 2715 ita
1508 2671 1600 2729 ipse
1634 2670 1880 2729 respondit:
1922 2691 1938 2709 «ι
1979 2673 2024 2715 lo
2057 2686 2159 2714 sono

643 2753 660 2773 ι
687 2733 889 2777 convinto
913 2732 983 2776 dai
1007 2732 1095 2776 mei
1118 2733 1248 2776 studii
1271 2733 1350 2777 che
1384 2733 1423 2776 la
1458 2732 1692 2776 tradizione
1715 2731 1902 2777 certifica
1923 2740 2072 2792 questa
2107 2731 2161 2775 ri-

642 2814 659 2833 »
689 2794 942 2852 putazione3
971 2794 1014 2837 di
1046 2793 1121 2852 piu
1154 2793 1213 2836 sm
1248 2794 1363 2837 dalla
1397 2793 1485 2837 mia
1519 2793 1593 2852 piu
1627 2802 1772 2837 tenera
1806 2793 2049 2852 giovinezza
2085 2793 2163 2837 che

646 2876 661 2895 .
691 2855 747 2899 lio
781 2855 919 2898 inteso
949 2856 1120 2912 parlare
1156 2862 1273 2898 tanto
1308 2855 1421 2899 nella
1455 2855 1542 2898 mia
1578 2854 1767 2913 samiglia
1801 2855 1878 2899 che
1912 2855 1951 2899 al
1983 2853 2162 2913 collegio

643 2936 660 2956 ι
693 2917 746 2960 ed
781 2915 947 2960 altrove
979 2916 1025 2959 di
1061 2924 1210 2975 questa
1250 2917 1382 2960 Fama
1416 2916 1460 2960 di
1494 2916 1678 2962 Santita.
1717 2936 1732 2955 ι
1774 2918 1935 2960 Rursus
1971 2916 2158 2959 interro-
