2608 3568
620 277 709 319 100

621 369 638 388 ι
666 364 809 407 spesso
833 357 954 392 entro
979 349 1006 392 il
1031 348 1490 407 Monastero›(Summ.
1504 364 1603 407 pag.
1622 350 1680 392 53
1704 350 1731 410 S
1756 352 1849 408 37).
1868 351 2009 395 Aliter
2033 369 2133 399 sane

619 410 837 479 agepdum
859 409 1101 453 suadebant
1116 410 1322 466 providae
1341 410 1549 454 Ecclesiae
1567 411 1623 454 de
1641 411 1843 454 Clausura
1867 411 1998 469 leges,
2013 430 2138 471 piae-

614 470 762 515 sertim
786 485 890 513 vero
914 470 1025 513 int-ei
1047 470 1155 513 adeo
1177 471 1407 528 sylvestres
1425 486 1575 514 carum
1592 472 1785 529 gentium
1805 487 1964 515 moi-,es
1980 474 2137 543 Quoad

615 545 838 574 oeconom·
844 546 937 574 cam
972 546 1077 574 vero
1111 531 1386 589 prudentiam
1410 565 1419 582 ‚
1469 532 1549 575 hoc
1592 547 1723 574 unum
1759 532 1987 576 adnotasse
2019 534 2130 587 erit,

617 592 683 635 vel
718 591 854 649 ipsam
890 591 970 634 Dei
1004 592 1227 635 Famulam
1263 608 1357 635 suas
1379 627 1389 644 ,
1426 608 1504 635 eeu
1540 592 1667 635 nimis
1701 592 1903 664 prodigas
1941 593 2134 651 largitio-

616 667 691 695 nes
727 651 972 696 incussasse·
1008 673 1023 690 ι
1053 652 1165 696 disse
1198 652 1393 696 eziandio
1426 653 1504 697 che
1539 653 1629 696 Ella
1664 653 1706 696 in
1740 652 1806 696 cio
1840 654 2044 698 commise
2076 655 2136 698 al-

622 733 638 752 »
667 712 764 755 cuni
798 712 948 768 orandi
983 713 1135 756 eccessi
1165 735 1180 752 n
1212 714 1400 772 (Summ.
1439 729 1537 771 pag.
1575 715 1634 756 92
1667 713 1711 773 S.
1749 713 1814 772 2).

740 747 843 817 4⁶23.
882 773 1181 817 Admiratione
1215 789 1334 825 sane,
1372 789 1427 817 ne
1460 774 1600 817 dicam
1636 782 1810 831 stupore
1843 773 2028 832 dignum
2073 775 2136 818 vi-

614 833 708 878 deri
743 835 944 892 cuiquam
979 834 1111 878 debet
1140 834 1259 893 quod
1303 834 1586 877 Adversarius
1628 843 1771 878 noster
1811 836 2010 893 egregius
2052 836 2136 879 im·

615 894 993 964 prudentissimam
1029 904 1188 938 asserat
1211 895 1368 953 agendi
1395 896 1602 938 rationem
1625 897 1785 940 Sorvae
1810 896 1889 938 Dei
1912 911 2026 954 quae
2052 897 2131 940 uti-

614 970 700 1013 que
734 955 915 1024 proponi
950 963 1092 1012 posset
1125 955 1166 998 in
1201 955 1451 1012 exemplum
1474 956 1681 1006 heroicae,
1711 962 1752 999 ct
1774 956 2002 1014 singularis
2027 958 2133 1000 Pru-

614 1016 788 1059 dentiae
810 1015 900 1058 sive
922 1016 1115 1074 privatis,
1132 1016 1222 1059 sive
1246 1016 1338 1060 aliis
1362 1032 1464 1074 prae
1472 1016 1632 1073 positis,
1646 1032 1844 1076 quaeque
1843 990 1945 1061 ehac
1968 1018 2137 1075 potissi-

614 1091 734 1120 mum
759 1075 813 1119 de
836 1091 961 1119 causa
997 1093 1020 1120 a
1054 1077 1219 1120 cunctis
1245 1076 1426 1120 testibus
1449 1085 1490 1119 ct
1514 1077 1721 1121 historicis
1744 1079 1925 1121 summis
1949 1079 2134 1122 laudum

615 1136 854 1196 praeconiis
889 1152 1199 1196 usquequaque
1234 1138 1489 1181 celebratur.
1516 1138 1644 1193 Quod
1678 1138 1787 1181 adeo
1822 1152 1970 1181 verum
1996 1147 2136 1182 estut

615 1198 684 1241 iel
720 1198 810 1255 ipse
843 1197 1127 1241 Adversirius
1162 1198 1347 1255 idipsum
1382 1206 1558 1256 cogatur
1591 1198 1820 1241 admitteie
1855 1198 1936 1242 illis
1983 1199 2128 1243 verbis

615 1258 836 1308 videlicet,
875 1274 958 1301 non
994 1274 1132 1316 pauca
1166 1258 1222 1302 de
1254 1260 1298 1303 S.
1324 1259 1406 1301 Dei
1442 1259 1673 1316 piudentia
1706 1267 1885 1302 narrant
1922 1259 2131 1304 historici.

612 1322 779 1363 Verum
813 1319 892 1362 hoe
928 1319 1170 1362 nullimode
1204 1320 1398 1363 obstante
1428 1321 1522 1378 lpse
1556 1335 1641 1363 non
1674 1319 1846 1362 dubitat
1869 1320 2137 1378 impruden-

612 1388 701 1423 tem
733 1394 1009 1437 summopere
1042 1380 1252 1424 Eamdem
1301 1388 1624 1439 repraesentare
1674 1380 1788 1438 quod
1840 1380 2138 1425 demonstrare

611 1440 831 1484 contendit
864 1456 917 1483 ex
951 1441 1096 1484 verbis
1125 1442 1242 1484 testis
1276 1442 1317 1484 X
1348 1457 1460 1500 quae
1505 1441 1763 1498 interrogata
1811 1440 1867 1483 de
1912 1442 2003 1485 zelo
2047 1458 2135 1500 quo

613 1502 773 1546 Servae
805 1501 887 1544 Dei
921 1517 994 1545 cor
1027 1502 1239 1544 aestuavit
1274 1502 1316 1544 in
1349 1501 1485 1559 Regni
1520 1500 1783 1545 Canadensis
1819 1502 2025 1559 perlonga
2062 1518 2139 1546 sua

613 1577 736 1606 mora
764 1561 879 1605 inter
912 1562 993 1606 alia
1030 1562 1131 1606 haec
1176 1561 1316 1605 dixit:
1381 1582 1397 1601 ι
1458 1562 1496 1605 la
1546 1562 1744 1620 quantita
1791 1562 1835 1605 di
1872 1562 2069 1614 nomini,
2117 1579 2140 1606 e

620 1644 635 1660 ι
666 1621 710 1665 di
745 1622 887 1665 donne
919 1623 1083 1682 (questi
1117 1623 1399 1666 dimoravano
1430 1638 1573 1680 spesso
1609 1632 1731 1665 entro
1770 1622 1797 1665 il
1844 1623 2135 1682 Monastero)»

612 1699 666 1726 ex
703 1683 860 1741 quibus
893 1683 1069 1726 deducit
1102 1684 1283 1727 Servam
1319 1684 1397 1726 Dei
1433 1683 1807 1727 indiscriminatim
1842 1684 1955 1727 viros
1989 1684 2141 1727 mulie-

614 1744 735 1787 ribus
766 1743 1002 1800 permixtos
1048 1743 1089 1786 in
1132 1759 1208 1786 suo
1244 1743 1498 1786 Monasterio
1533 1743 1774 1800 recepisse,
1811 1744 1929 1801 quod
1959 1744 2141 1802 quidem

613 1806 829 1847 maximae
865 1804 962 1847 Eius
999 1803 1319 1861 imprudentiae
1353 1803 1585 1847 adcenserc
1619 1819 1702 1846 non
1741 1803 1932 1847 dubitat.
1965 1807 2016 1850 At
2061 1806 2140 1848 im-

613 1864 772 1908 merito
804 1880 978 1922 prorsus
1017 1865 1080 1907 uti
1115 1879 1260 1922 paucis
1293 1863 1534 1907 ostendam.

738 1925 842 1969 424.
881 1927 931 1968 Et
964 1926 1105 1984 primo
1138 1926 1236 1969 dico
1277 1925 1393 1983 quod
1433 1926 1527 1982 lpsa
1568 1924 1771 1983 supponit
1815 1923 1976 1968 factum
2021 1926 2142 1984 quod

613 2002 699 2030 non
734 1987 891 2037 existit,
931 1986 1133 2030 videlicet
1170 1985 1289 2044 quod
1323 1986 1433 2029 intra
1465 1986 1709 2029 Monasterii
1741 1993 1861 2043 septa
1879 1986 2142 2030 indiscrimi-

613 2046 750 2090 natim
783 2047 863 2090 viri
910 2047 1165 2090 mulieribus
1208 2047 1414 2104 permixti
1462 2047 1546 2089 sint
1597 2046 1848 2090 commorati
1896 2047 2144 2106 frequenter

614 2116 761 2151 contra
795 2107 1001 2167 providas
1035 2107 1247 2152 Ecclesiae
1277 2107 1332 2150 de
1363 2108 1569 2151 Clausura
1603 2108 1717 2164 leges
1738 2142 1748 2159 ,
1786 2106 1881 2150 dico
1914 2117 2061 2151 autem
2096 2116 2138 2151 et

613 2169 805 2212 sustineo
838 2169 955 2228 quod
990 2169 1148 2212 sactum
1187 2168 1439 2211 huiusmodi
1478 2183 1564 2211 non
1613 2168 1754 2211 existit
1801 2167 1881 2211 nisi
1926 2168 1969 2211 in
2009 2169 2144 2226 phan-

616 2229 720 2272 tasia
752 2230 1020 2279 Adversarii,
1055 2230 1158 2273 dum
1193 2237 1317 2272 testes
1347 2229 1426 2272 hoc
1460 2244 1543 2271 non
1584 2236 1805 2280 asserunt3
1845 2237 1887 2272 et
1922 2245 1976 2272 ne
2010 2229 2142 2287 gratis

614 2290 694 2333 hoc
732 2290 880 2334 videar
909 2290 1123 2334 affirmare
1156 2297 1451 2348 opportunum
1485 2289 1567 2332 erit
1601 2304 1695 2333 eam
1737 2289 1854 2332 testis
1903 2289 2141 2347 depositio-

615 2364 715 2394 nem
752 2352 916 2395 rel‘erre
949 2366 1063 2410 quae
1101 2350 1154 2394 de
1187 2351 1267 2394 hac
1298 2366 1343 2393 re
1362 2351 1569 2409 loquitur.
1592 2352 1854 2408 Interrogata
1874 2350 2003 2409 igitur
2027 2351 2143 2394 dicta

617 2411 735 2454 testis
763 2414 805 2455 X
838 2413 900 2455 uti
933 2428 1063 2472 supra
1094 2412 1329 2455 innuebam
1381 2412 1438 2454 ita
1484 2411 1733 2469 respondit:
1798 2432 1813 2449 ι
1852 2411 1883 2453 ll
1929 2427 2006 2454 suo
2048 2412 2140 2455 zelo

622 2491 639 2511 ι
670 2471 735 2529 (S.
756 2472 834 2532 D.)
868 2488 995 2531 prese
1026 2488 1085 2516 un
1119 2473 1292 2516 novello
1325 2472 1524 2530 sviluppo
1556 2472 1624 2516 nel
1654 2472 1845 2517 Canada.
1867 2473 1926 2515 Le
1945 2472 2145 2516 dislicolta

623 2552 640 2571 ι
669 2532 825 2577 turono
859 2535 1070 2577 immense
1104 2534 1172 2577 nei
1213 2533 1341 2591 primi
1379 2542 1440 2576 tre
1471 2533 1571 2576 anni
1606 2548 1683 2591 per
1715 2534 1754 2576 le
1781 2532 2007 2592 Religiose,
2030 2534 2137 2577 vista

623 2614 637 2631 »
669 2592 709 2635 la
744 2594 999 2640 ristrettezza
1034 2594 1106 2638 del
1141 2595 1233 2638 loro
1269 2594 1467 2653 alloggio‚
1491 2595 1528 2637 la
1560 2594 1651 2637 loro
1682 2595 1877 2652 poverta,
1904 2595 1944 2638 le
1969 2603 2140 2638 esterne

624 2675 639 2693 ι
667 2656 942 2713 oceupaziozui
974 2656 1031 2700 da
1065 2656 1130 2699 cui
1150 2671 1284 2699 erano
1302 2670 1520 2713 oppresse,
1544 2670 1629 2698 non
1649 2654 1819 2698 avendo
1844 2671 2000 2699 ancora
2026 2655 2144 2699 delle

623 2734 639 2753 ι
668 2714 805 2759 Suore
838 2719 1071 2761 Converse.
1107 2717 1292 2774 Bisogna
1327 2716 1431 2760 acio
1451 2715 1712 2775 aggiungere
1732 2717 1771 2759 la
1804 2715 2050 2760 sordidezza
2068 2716 2144 2760 dei

624 2795 639 2813 a
669 2775 884 2835 Selvaggi,
924 2778 962 2822 la
994 2778 1185 2822 malattia
1216 2778 1285 2821 del
1319 2778 1475 2828 vaiolo,
1518 2776 1572 2820 ed
1604 2777 1710 2820 altre
1744 2776 1959 2820 infermita
1982 2778 2058 2820 che
2080 2785 2146 2821 at-

624 2856 640 2874 »
671 2844 900 2881 taccavano
936 2847 1056 2883 tanto
1091 2838 1339 2882 sacilmcnte
1372 2838 1515 2897 quelle
1546 2854 1705 2895 povere
1741 2838 1941 2882 fauciulle
1979 2854 2057 2882 con
2103 2838 2141 2881 le

626 2916 642 2935 ι
670 2897 786 2955 quali
812 2914 903 2943 esse
925 2900 1251 2944 confusamente
1279 2900 1312 2942 si
1335 2907 1587 2950 trovavano‚
1612 2899 1651 2942 la
1669 2899 1864 2958 quantita
1883 2899 1926 2943 di
1956 2899 2137 2950 uomini,
