<?xml version="1.0" encoding="UTF-8"?>
<!DOCTYPE html PUBLIC "-//W3C//DTD XHTML 1.0 Transitional//EN"
    "http://www.w3.org/TR/xhtml1/DTD/xhtml1-transitional.dtd">
<html xmlns="http://www.w3.org/1999/xhtml" xml:lang="en" lang="en">
 <head>
  <title>
</title>
<meta http-equiv="Content-Type" content="text/html;charset=utf-8" />
  <meta name='ocr-system' content='tesseract 3.04.00' />
  <meta name='ocr-capabilities' content='ocr_page ocr_carea ocr_par ocr_line ocrx_word'/>
</head>
<body>
  <div class='ocr_page' id='page_1' title='image "./cihm_27111_0492.png"; bbox 0 0 2664 3584; ppageno 0'>
   <div class='ocr_carea' id='block_1_1' title="bbox 0 0 532 76">
    <p class='ocr_par' dir='ltr' id='par_1_1' title="bbox 0 0 532 76">
     <span class='ocr_line' id='line_1_1' title="bbox 0 0 532 76; baseline 0 3508"><span class='ocrx_word' id='word_1_1' title='bbox 0 0 532 76; x_wconf 95' lang='lat' dir='ltr'> </span> 
     </span>
    </p>
   </div>
   <div class='ocr_carea' id='block_1_2' title="bbox 1958 271 2006 314">
    <p class='ocr_par' dir='ltr' id='par_1_2' title="bbox 1958 271 2006 314">
     <span class='ocr_line' id='line_1_2' title="bbox 1958 271 2006 314; baseline 0.021 -1"><span class='ocrx_word' id='word_1_2' title='bbox 1958 271 2006 314; x_wconf 83' lang='grc' dir='ltr'>Ἠ</span> 
     </span>
    </p>
   </div>
   <div class='ocr_carea' id='block_1_3' title="bbox 495 344 2040 2968">
    <p class='ocr_par' dir='ltr' id='par_1_3' title="bbox 495 344 2024 775">
     <span class='ocr_line' id='line_1_3' title="bbox 495 344 2016 401; baseline -0.003 -6"><span class='ocrx_word' id='word_1_3' title='bbox 495 350 632 395; x_wconf 84' lang='lat' dir='ltr'>solum</span> <span class='ocrx_word' id='word_1_4' title='bbox 667 350 711 394; x_wconf 93' lang='lat' dir='ltr'>in</span> <span class='ocrx_word' id='word_1_5' title='bbox 745 351 837 395; x_wconf 90' lang='lat' dir='ltr'>loco</span> <span class='ocrx_word' id='word_1_6' title='bbox 872 352 945 396; x_wconf 93' lang='lat' dir='ltr'>ubi</span> <span class='ocrx_word' id='word_1_7' title='bbox 981 353 1117 397; x_wconf 88' lang='lat' dir='ltr'>dictus</span> <span class='ocrx_word' id='word_1_8' title='bbox 1151 353 1195 397; x_wconf 88' lang='lat' dir='ltr'>S.</span> <span class='ocrx_word' id='word_1_9' title='bbox 1236 354 1290 394; x_wconf 91' lang='lat' dir='ltr'>D.</span> <span class='ocrx_word' id='word_1_10' title='bbox 1328 351 1447 401; x_wconf 87' lang='lat' dir='ltr'>vixit,</span> <span class='ocrx_word' id='word_1_11' title='bbox 1486 350 1549 392; x_wconf 88' lang='lat' dir='ltr'>vel</span> <span class='ocrx_word' id='word_1_12' title='bbox 1587 355 1784 392; x_wconf 91' lang='lat' dir='ltr'>mortuus</span> <span class='ocrx_word' id='word_1_13' title='bbox 1818 344 1911 396; x_wconf 84' lang='lat' dir='ltr'>fuit,</span> <span class='ocrx_word' id='word_1_14' title='bbox 1939 346 2016 390; x_wconf 86' lang='lat' dir='ltr'>sed</span> 
     </span>
     <span class='ocr_line' id='line_1_4' title="bbox 503 407 2014 471; baseline -0.004 -17"><span class='ocrx_word' id='word_1_15' title='bbox 503 411 628 455; x_wconf 84' lang='lat' dir='ltr'>etiam</span> <span class='ocrx_word' id='word_1_16' title='bbox 669 412 711 455; x_wconf 89' lang='lat' dir='ltr'>in</span> <span class='ocrx_word' id='word_1_17' title='bbox 746 413 837 456; x_wconf 90' lang='lat' dir='ltr'>aliis</span> <span class='ocrx_word' id='word_1_18' title='bbox 871 413 991 465; x_wconf 90' lang='lat' dir='ltr'>locis,</span> <span class='ocrx_word' id='word_1_19' title='bbox 1031 421 1073 457; x_wconf 87' lang='lat' dir='ltr'>et</span> <span class='ocrx_word' id='word_1_20' title='bbox 1106 414 1146 456; x_wconf 93' lang='lat' dir='ltr'>in</span> <span class='ocrx_word' id='word_1_21' title='bbox 1181 412 1341 471; x_wconf 89' lang='lat' dir='ltr'>quibus</span> <span class='ocrx_word' id='word_1_22' title='bbox 1375 411 1490 467; x_wconf 84' lang='lat' dir='ltr'>(Lib.</span> <span class='ocrx_word' id='word_1_23' title='bbox 1528 412 1580 453; x_wconf 84' lang='lat' dir='ltr'>n.</span> <span class='ocrx_word' id='word_1_24' title='bbox 1609 425 1701 467; x_wconf 89' lang='lat' dir='ltr'>cap.</span> <span class='ocrx_word' id='word_1_25' title='bbox 1740 407 1816 450; x_wconf 89' lang='lat'>39.</span> <span class='ocrx_word' id='word_1_26' title='bbox 1846 422 1888 449; x_wconf 92' lang='lat' dir='ltr'>n.</span> <span class='ocrx_word' id='word_1_27' title='bbox 1917 407 2014 462; x_wconf 79' lang='grc'>10).</span> 
     </span>
     <span class='ocr_line' id='line_1_5' title="bbox 495 466 2011 533; baseline -0.004 -18"><span class='ocrx_word' id='word_1_28' title='bbox 495 473 643 523; x_wconf 90' lang='lat' dir='ltr'>Porro,</span> <span class='ocrx_word' id='word_1_29' title='bbox 682 473 846 521; x_wconf 81' lang='lat' dir='ltr'>subdit,</span> <span class='ocrx_word' id='word_1_30' title='bbox 886 473 1184 525; x_wconf 69' lang='lat' dir='ltr'>Adversarius,</span> <span class='ocrx_word' id='word_1_31' title='bbox 1223 472 1279 516; x_wconf 89' lang='lat' dir='ltr'>de</span> <span class='ocrx_word' id='word_1_32' title='bbox 1312 472 1470 533; x_wconf 86' lang='lat' dir='ltr'>quibus</span> <span class='ocrx_word' id='word_1_33' title='bbox 1505 470 1599 514; x_wconf 88' lang='lat' dir='ltr'>aliis</span> <span class='ocrx_word' id='word_1_34' title='bbox 1635 469 1735 514; x_wconf 85' lang='lat' dir='ltr'>locis</span> <span class='ocrx_word' id='word_1_35' title='bbox 1770 466 2011 528; x_wconf 86' lang='lat' dir='ltr'>quaeritur,</span> 
     </span>
     <span class='ocr_line' id='line_1_6' title="bbox 503 528 2017 591; baseline -0.003 -16"><span class='ocrx_word' id='word_1_36' title='bbox 503 532 580 576; x_wconf 90' lang='lat' dir='ltr'>nisi</span> <span class='ocrx_word' id='word_1_37' title='bbox 626 533 679 576; x_wconf 68' lang='lat' dir='ltr'>sle</span> <span class='ocrx_word' id='word_1_38' title='bbox 715 534 762 577; x_wconf 89' lang='lat' dir='ltr'>iis</span> <span class='ocrx_word' id='word_1_39' title='bbox 797 549 900 591; x_wconf 85' lang='lat' dir='ltr'>prae</span> <span class='ocrx_word' id='word_1_40' title='bbox 948 534 1128 578; x_wconf 87' lang='lat' dir='ltr'>caeteris</span> <span class='ocrx_word' id='word_1_41' title='bbox 1176 534 1251 578; x_wconf 87' lang='lat' dir='ltr'>ubi</span> <span class='ocrx_word' id='word_1_42' title='bbox 1288 532 1557 591; x_wconf 84' lang='lat' dir='ltr'>potissimum</span> <span class='ocrx_word' id='word_1_43' title='bbox 1591 531 1672 574; x_wconf 81' lang='lat' dir='ltr'>Dei</span> <span class='ocrx_word' id='word_1_44' title='bbox 1713 529 1834 574; x_wconf 85' lang='lat' dir='ltr'>Servi</span> <span class='ocrx_word' id='word_1_45' title='bbox 1888 528 2017 586; x_wconf 85' lang='lat' dir='ltr'>dege-</span> 
     </span>
     <span class='ocr_line' id='line_1_7' title="bbox 498 589 2024 654; baseline -0.003 -18"><span class='ocrx_word' id='word_1_46' title='bbox 498 595 628 637; x_wconf 83' lang='lat' dir='ltr'>runt?</span> <span class='ocrx_word' id='word_1_47' title='bbox 665 595 776 637; x_wconf 81' lang='lat' dir='ltr'>llaec</span> <span class='ocrx_word' id='word_1_48' title='bbox 792 595 1130 639; x_wconf 80' lang='lat' dir='ltr'>Animadversor</span> <span class='ocrx_word' id='word_1_49' title='bbox 1154 594 1559 654; x_wconf 83' lang='lat' dir='ltr'>praestantissimus,</span> <span class='ocrx_word' id='word_1_50' title='bbox 1583 591 1659 635; x_wconf 87' lang='lat' dir='ltr'>sed</span> <span class='ocrx_word' id='word_1_51' title='bbox 1683 597 1890 650; x_wconf 87' lang='lat' dir='ltr'>quantum</span> <span class='ocrx_word' id='word_1_52' title='bbox 1923 589 2024 632; x_wconf 88' lang='lat' dir='ltr'>Eius</span> 
     </span>
     <span class='ocr_line' id='line_1_8' title="bbox 500 650 2021 708; baseline -0.002 -12"><span class='ocrx_word' id='word_1_53' title='bbox 500 655 701 705; x_wconf 85' lang='lat' dir='ltr'>rationes,</span> <span class='ocrx_word' id='word_1_54' title='bbox 729 663 771 697; x_wconf 81' lang='lat' dir='ltr'>et</span> <span class='ocrx_word' id='word_1_55' title='bbox 804 655 989 699; x_wconf 90' lang='lat' dir='ltr'>adducta</span> <span class='ocrx_word' id='word_1_56' title='bbox 1023 656 1079 699; x_wconf 83' lang='lat' dir='ltr'>ab</span> <span class='ocrx_word' id='word_1_57' title='bbox 1114 658 1170 700; x_wconf 85' lang='lat' dir='ltr'>Ea</span> <span class='ocrx_word' id='word_1_58' title='bbox 1206 656 1434 700; x_wconf 70' lang='lat' dir='ltr'>auctoritas</span> <span class='ocrx_word' id='word_1_59' title='bbox 1455 662 1602 698; x_wconf 86' lang='lat' dir='ltr'>contra</span> <span class='ocrx_word' id='word_1_60' title='bbox 1628 667 1702 695; x_wconf 91' lang='lat' dir='ltr'>nos</span> <span class='ocrx_word' id='word_1_61' title='bbox 1725 650 1864 700; x_wconf 80' lang='lat' dir='ltr'>faciat,</span> <span class='ocrx_word' id='word_1_62' title='bbox 1890 650 2021 708; x_wconf 81' lang='lat' dir='ltr'>paulo</span> 
     </span>
     <span class='ocr_line' id='line_1_9' title="bbox 502 714 1158 775; baseline 0.003 -18"><span class='ocrx_word' id='word_1_63' title='bbox 502 714 753 772; x_wconf 78' lang='lat' dir='ltr'>diligentius</span> <span class='ocrx_word' id='word_1_64' title='bbox 795 715 1158 775; x_wconf 80' lang='lat' dir='ltr'>investigandum.</span> 
     </span>
    </p>

    <p class='ocr_par' dir='ltr' id='par_1_4' title="bbox 496 770 2040 2968">
     <span class='ocr_line' id='line_1_10' title="bbox 620 770 2021 836; baseline -0.005 -17"><span class='ocrx_word' id='word_1_65' title='bbox 620 777 692 820; x_wconf 62' lang='lat'>48.</span> <span class='ocrx_word' id='word_1_66' title='bbox 732 777 780 819; x_wconf 90' lang='lat' dir='ltr'>Et</span> <span class='ocrx_word' id='word_1_67' title='bbox 815 777 856 819; x_wconf 92' lang='lat' dir='ltr'>in</span> <span class='ocrx_word' id='word_1_68' title='bbox 892 778 1044 836; x_wconf 89' lang='lat' dir='ltr'>primis</span> <span class='ocrx_word' id='word_1_69' title='bbox 1088 777 1296 821; x_wconf 86' lang='lat' dir='ltr'>convenio</span> <span class='ocrx_word' id='word_1_70' title='bbox 1345 791 1442 820; x_wconf 87' lang='lat' dir='ltr'>eum</span> <span class='ocrx_word' id='word_1_71' title='bbox 1477 777 1662 820; x_wconf 88' lang='lat' dir='ltr'>Censore</span> <span class='ocrx_word' id='word_1_72' title='bbox 1697 779 1863 823; x_wconf 90' lang='lat' dir='ltr'>nostro,</span> <span class='ocrx_word' id='word_1_73' title='bbox 1901 770 2021 829; x_wconf 86' lang='lat' dir='ltr'>quod</span> 
     </span>
     <span class='ocr_line' id='line_1_11' title="bbox 496 832 2021 889; baseline -0.003 -9"><span class='ocrx_word' id='word_1_74' title='bbox 496 836 630 880; x_wconf 84' lang='lat' dir='ltr'>Serva</span> <span class='ocrx_word' id='word_1_75' title='bbox 680 837 762 880; x_wconf 90' lang='lat' dir='ltr'>Dei</span> <span class='ocrx_word' id='word_1_76' title='bbox 809 838 1156 882; x_wconf 86' lang='lat' dir='ltr'>Adolescentiam</span> <span class='ocrx_word' id='word_1_77' title='bbox 1195 846 1238 883; x_wconf 92' lang='lat' dir='ltr'>et</span> <span class='ocrx_word' id='word_1_78' title='bbox 1279 838 1547 881; x_wconf 89' lang='lat' dir='ltr'>iuventutem</span> <span class='ocrx_word' id='word_1_79' title='bbox 1580 833 1768 878; x_wconf 85' lang='lat' dir='ltr'>Turonis</span> <span class='ocrx_word' id='word_1_80' title='bbox 1820 832 2021 889; x_wconf 72' lang='lat' dir='ltr'><strong>transegit</strong></span> 
     </span>
     <span class='ocr_line' id='line_1_12' title="bbox 496 893 2021 957; baseline -0.003 -19"><span class='ocrx_word' id='word_1_81' title='bbox 496 905 540 939; x_wconf 79' lang='lat' dir='ltr'>et</span> <span class='ocrx_word' id='word_1_82' title='bbox 575 896 744 941; x_wconf 90' lang='lat' dir='ltr'>nonnisi</span> <span class='ocrx_word' id='word_1_83' title='bbox 779 899 1113 957; x_wconf 81' lang='lat' dir='ltr'>quadragesimo</span> <span class='ocrx_word' id='word_1_84' title='bbox 1136 915 1237 944; x_wconf 89' lang='lat' dir='ltr'>suae</span> <span class='ocrx_word' id='word_1_85' title='bbox 1259 898 1372 942; x_wconf 88' lang='lat' dir='ltr'>vitae</span> <span class='ocrx_word' id='word_1_86' title='bbox 1403 913 1515 942; x_wconf 89' lang='lat' dir='ltr'>anno</span> <span class='ocrx_word' id='word_1_87' title='bbox 1541 897 1583 939; x_wconf 94' lang='lat' dir='ltr'>in</span> <span class='ocrx_word' id='word_1_88' title='bbox 1621 893 1918 939; x_wconf 84' lang='lat' dir='ltr'>Canadensem</span> <span class='ocrx_word' id='word_1_89' title='bbox 1954 907 2021 934; x_wconf 87' lang='lat' dir='ltr'>re-</span> 
     </span>
     <span class='ocr_line' id='line_1_13' title="bbox 499 952 2026 1016; baseline -0.003 -17"><span class='ocrx_word' id='word_1_90' title='bbox 499 957 671 1014; x_wconf 71' lang='lat' dir='ltr'>gionem</span> <span class='ocrx_word' id='word_1_91' title='bbox 697 957 823 1001; x_wconf 83' lang='lat' dir='ltr'>fuisse</span> <span class='ocrx_word' id='word_1_92' title='bbox 849 960 1252 1016; x_wconf 71' lang='lat' dir='ltr'>prot&#39;ociamAEtiam</span> <span class='ocrx_word' id='word_1_93' title='bbox 1277 960 1458 1003; x_wconf 75' lang='lat' dir='ltr'>admitto</span> <span class='ocrx_word' id='word_1_94' title='bbox 1482 973 1579 1002; x_wconf 89' lang='lat' dir='ltr'>cum</span> <span class='ocrx_word' id='word_1_95' title='bbox 1603 952 1916 1011; x_wconf 85' lang='lat' dir='ltr'>Eodem,quod</span> <span class='ocrx_word' id='word_1_96' title='bbox 1940 954 2026 995; x_wconf 86' lang='lat' dir='ltr'>Tu-</span> 
     </span>
     <span class='ocr_line' id='line_1_14' title="bbox 503 1015 2026 1080; baseline -0.002 -20"><span class='ocrx_word' id='word_1_97' title='bbox 503 1019 616 1061; x_wconf 88' lang='lat' dir='ltr'>ronis</span> <span class='ocrx_word' id='word_1_98' title='bbox 650 1034 827 1077; x_wconf 87' lang='lat' dir='ltr'>quoque</span> <span class='ocrx_word' id='word_1_99' title='bbox 861 1021 1069 1077; x_wconf 83' lang='lat' dir='ltr'>potuisset</span> <span class='ocrx_word' id='word_1_100' title='bbox 1102 1021 1327 1080; x_wconf 75' lang='lat' dir='ltr'>Inquisitio</span> <span class='ocrx_word' id='word_1_101' title='bbox 1362 1020 1544 1071; x_wconf 87' lang='lat' dir='ltr'>institui,</span> <span class='ocrx_word' id='word_1_102' title='bbox 1582 1017 1614 1061; x_wconf 93' lang='lat' dir='ltr'>si</span> <span class='ocrx_word' id='word_1_103' title='bbox 1642 1026 1785 1060; x_wconf 86' lang='lat' dir='ltr'>tamen</span> <span class='ocrx_word' id='word_1_104' title='bbox 1811 1015 1889 1057; x_wconf 86' lang='lat' dir='ltr'>hoc</span> <span class='ocrx_word' id='word_1_105' title='bbox 1912 1015 2026 1058; x_wconf 89' lang='lat' dir='ltr'>Cau-</span> 
     </span>
     <span class='ocr_line' id='line_1_15' title="bbox 496 1074 2018 1139; baseline -0.003 -18"><span class='ocrx_word' id='word_1_106' title='bbox 496 1094 567 1121; x_wconf 85' lang='lat' dir='ltr'>sae</span> <span class='ocrx_word' id='word_1_107' title='bbox 603 1079 729 1122; x_wconf 86' lang='lat' dir='ltr'>valde</span> <span class='ocrx_word' id='word_1_108' title='bbox 763 1080 1041 1136; x_wconf 81' lang='lat' dir='ltr'>profuturum</span> <span class='ocrx_word' id='word_1_109' title='bbox 1074 1097 1162 1125; x_wconf 85' lang='lat' dir='ltr'>esse</span> <span class='ocrx_word' id='word_1_110' title='bbox 1211 1096 1309 1139; x_wconf 84' lang='lat' dir='ltr'>spes</span> <span class='ocrx_word' id='word_1_111' title='bbox 1358 1081 1500 1138; x_wconf 88' lang='lat' dir='ltr'>aliqua</span> <span class='ocrx_word' id='word_1_112' title='bbox 1533 1078 1636 1122; x_wconf 83' lang='lat' dir='ltr'>satis</span> <span class='ocrx_word' id='word_1_113' title='bbox 1670 1076 1796 1119; x_wconf 84' lang='lat' dir='ltr'>firma</span> <span class='ocrx_word' id='word_1_114' title='bbox 1845 1074 2018 1132; x_wconf 84' lang='lat' dir='ltr'>concipi</span> 
     </span>
     <span class='ocr_line' id='line_1_16' title="bbox 500 1136 2025 1200; baseline -0.004 -18"><span class='ocrx_word' id='word_1_115' title='bbox 500 1139 729 1197; x_wconf 73' lang='lat' dir='ltr'>potuisset.</span> <span class='ocrx_word' id='word_1_116' title='bbox 766 1142 930 1184; x_wconf 72' lang='lat' dir='ltr'>Verum</span> <span class='ocrx_word' id='word_1_117' title='bbox 969 1142 1075 1185; x_wconf 91' lang='lat' dir='ltr'>illud</span> <span class='ocrx_word' id='word_1_118' title='bbox 1112 1143 1362 1200; x_wconf 88' lang='lat' dir='ltr'>neutiquam</span> <span class='ocrx_word' id='word_1_119' title='bbox 1388 1141 1543 1198; x_wconf 83' lang='lat' dir='ltr'>poterit</span> <span class='ocrx_word' id='word_1_120' title='bbox 1569 1136 1857 1182; x_wconf 76' lang='lat' dir='ltr'>Adversarius</span> <span class='ocrx_word' id='word_1_121' title='bbox 1879 1145 2025 1178; x_wconf 84' lang='lat' dir='ltr'>noster</span> 
     </span>
     <span class='ocr_line' id='line_1_17' title="bbox 498 1196 2021 1261; baseline -0.004 -18"><span class='ocrx_word' id='word_1_122' title='bbox 498 1199 815 1244; x_wconf 86' lang='lat' dir='ltr'>demonstrare.</span> <span class='ocrx_word' id='word_1_123' title='bbox 855 1204 904 1245; x_wconf 84' lang='lat' dir='ltr'>Et</span> <span class='ocrx_word' id='word_1_124' title='bbox 939 1203 1017 1245; x_wconf 84' lang='lat' dir='ltr'>hoc</span> <span class='ocrx_word' id='word_1_125' title='bbox 1054 1203 1250 1261; x_wconf 79' lang='lat' dir='ltr'>pluribus</span> <span class='ocrx_word' id='word_1_126' title='bbox 1285 1218 1336 1245; x_wconf 87' lang='lat' dir='ltr'>cx</span> <span class='ocrx_word' id='word_1_127' title='bbox 1370 1202 1600 1258; x_wconf 80' lang='lat' dir='ltr'>capitibus.</span> <span class='ocrx_word' id='word_1_128' title='bbox 1639 1198 1785 1241; x_wconf 85' lang='lat' dir='ltr'>Primo</span> <span class='ocrx_word' id='word_1_129' title='bbox 1821 1197 1936 1239; x_wconf 87' lang='lat' dir='ltr'>enim</span> <span class='ocrx_word' id='word_1_130' title='bbox 1963 1196 2021 1237; x_wconf 92' lang='lat' dir='ltr'>ob</span> 
     </span>
     <span class='ocr_line' id='line_1_18' title="bbox 500 1255 2027 1322; baseline -0.003 -20"><span class='ocrx_word' id='word_1_131' title='bbox 500 1268 669 1318; x_wconf 84' lang='lat' dir='ltr'>tempus</span> <span class='ocrx_word' id='word_1_132' title='bbox 693 1261 790 1303; x_wconf 83' lang='lat' dir='ltr'>satis</span> <span class='ocrx_word' id='word_1_133' title='bbox 814 1261 1072 1306; x_wconf 88' lang='lat' dir='ltr'>diuturnum</span> <span class='ocrx_word' id='word_1_134' title='bbox 1104 1265 1223 1322; x_wconf 90' lang='lat' dir='ltr'>quod</span> <span class='ocrx_word' id='word_1_135' title='bbox 1260 1264 1555 1306; x_wconf 73' lang='lat' dir='ltr'>intercesserat</span> <span class='ocrx_word' id='word_1_136' title='bbox 1589 1278 1612 1304; x_wconf 90' lang='lat' dir='ltr'>a</span> <span class='ocrx_word' id='word_1_137' title='bbox 1648 1260 1732 1303; x_wconf 69' lang='lat' dir='ltr'>vita</span> <span class='ocrx_word' id='word_1_138' title='bbox 1763 1260 1922 1302; x_wconf 80' lang='lat' dir='ltr'>Sorvae</span> <span class='ocrx_word' id='word_1_139' title='bbox 1944 1255 2027 1298; x_wconf 85' lang='lat' dir='ltr'>Dei</span> 
     </span>
     <span class='ocr_line' id='line_1_19' title="bbox 497 1317 2022 1382; baseline -0.003 -19"><span class='ocrx_word' id='word_1_140' title='bbox 497 1322 681 1364; x_wconf 82' lang='lat' dir='ltr'>Turonis</span> <span class='ocrx_word' id='word_1_141' title='bbox 717 1329 954 1367; x_wconf 69' lang='lat' dir='ltr'>transactae</span> <span class='ocrx_word' id='word_1_142' title='bbox 988 1325 1043 1368; x_wconf 90' lang='lat' dir='ltr'>ad</span> <span class='ocrx_word' id='word_1_143' title='bbox 1080 1333 1269 1368; x_wconf 86' lang='lat' dir='ltr'>nostram</span> <span class='ocrx_word' id='word_1_144' title='bbox 1308 1340 1439 1382; x_wconf 89' lang='lat' dir='ltr'>usque</span> <span class='ocrx_word' id='word_1_145' title='bbox 1475 1330 1661 1367; x_wconf 84' lang='lat' dir='ltr'>aetatem</span> <span class='ocrx_word' id='word_1_146' title='bbox 1695 1318 1814 1378; x_wconf 88' lang='lat' dir='ltr'>quod</span> <span class='ocrx_word' id='word_1_147' title='bbox 1838 1317 2022 1375; x_wconf 87' lang='lat' dir='ltr'>quidem</span> 
     </span>
     <span class='ocr_line' id='line_1_20' title="bbox 500 1377 2024 1443; baseline -0.003 -18"><span class='ocrx_word' id='word_1_148' title='bbox 500 1382 555 1425; x_wconf 89' lang='lat' dir='ltr'>ad</span> <span class='ocrx_word' id='word_1_149' title='bbox 589 1383 677 1426; x_wconf 89' lang='lat' dir='ltr'>duo</span> <span class='ocrx_word' id='word_1_150' title='bbox 712 1384 877 1428; x_wconf 74' lang='lat' dir='ltr'>saccula</span> <span class='ocrx_word' id='word_1_151' title='bbox 912 1400 1010 1427; x_wconf 88' lang='lat' dir='ltr'>cum</span> <span class='ocrx_word' id='word_1_152' title='bbox 1045 1385 1228 1428; x_wconf 89' lang='lat' dir='ltr'>dimidio</span> <span class='ocrx_word' id='word_1_153' title='bbox 1263 1385 1350 1428; x_wconf 85' lang='lat' dir='ltr'>sere</span> <span class='ocrx_word' id='word_1_154' title='bbox 1385 1384 1599 1443; x_wconf 81' lang='lat' dir='ltr'>pervenit.</span> <span class='ocrx_word' id='word_1_155' title='bbox 1639 1382 1746 1425; x_wconf 80' lang='lat' dir='ltr'>ilinc</span> <span class='ocrx_word' id='word_1_156' title='bbox 1782 1381 1917 1421; x_wconf 84' lang='lat' dir='ltr'>maior</span> <span class='ocrx_word' id='word_1_157' title='bbox 1941 1377 2024 1421; x_wconf 86' lang='lat' dir='ltr'>dif-</span> 
     </span>
     <span class='ocr_line' id='line_1_21' title="bbox 500 1439 2029 1504; baseline -0.003 -19"><span class='ocrx_word' id='word_1_158' title='bbox 500 1442 667 1486; x_wconf 80' lang='lat' dir='ltr'>ficultas</span> <span class='ocrx_word' id='word_1_159' title='bbox 703 1442 994 1488; x_wconf 72' lang='lat' dir='ltr'>instituendae</span> <span class='ocrx_word' id='word_1_160' title='bbox 1019 1446 1269 1490; x_wconf 80' lang='lat' dir='ltr'>huiusmodi</span> <span class='ocrx_word' id='word_1_161' title='bbox 1296 1445 1587 1504; x_wconf 82' lang='lat' dir='ltr'>inquisitionis</span> <span class='ocrx_word' id='word_1_162' title='bbox 1612 1456 1745 1501; x_wconf 86' lang='lat' dir='ltr'>quam</span> <span class='ocrx_word' id='word_1_163' title='bbox 1773 1441 1814 1483; x_wconf 90' lang='lat' dir='ltr'>in</span> <span class='ocrx_word' id='word_1_164' title='bbox 1841 1439 1931 1497; x_wconf 87' lang='lat' dir='ltr'>ipsa</span> <span class='ocrx_word' id='word_1_165' title='bbox 1956 1439 2029 1483; x_wconf 91' lang='lat' dir='ltr'>Ci-</span> 
     </span>
     <span class='ocr_line' id='line_1_22' title="bbox 504 1499 2026 1565; baseline -0.002 -20"><span class='ocrx_word' id='word_1_166' title='bbox 504 1503 635 1546; x_wconf 89' lang='lat' dir='ltr'>vitate</span> <span class='ocrx_word' id='word_1_167' title='bbox 670 1504 943 1558; x_wconf 83' lang='lat' dir='ltr'>Quebeccnsi</span> <span class='ocrx_word' id='word_1_168' title='bbox 980 1506 1054 1550; x_wconf 92' lang='lat' dir='ltr'>ubi</span> <span class='ocrx_word' id='word_1_169' title='bbox 1093 1507 1327 1565; x_wconf 84' lang='lat' dir='ltr'>posteriore</span> <span class='ocrx_word' id='word_1_170' title='bbox 1362 1515 1557 1564; x_wconf 83' lang='lat' dir='ltr'>tempore</span> <span class='ocrx_word' id='word_1_171' title='bbox 1592 1506 1726 1549; x_wconf 80' lang='lat' dir='ltr'>Serva</span> <span class='ocrx_word' id='word_1_172' title='bbox 1760 1499 1843 1543; x_wconf 89' lang='lat' dir='ltr'>Dei</span> <span class='ocrx_word' id='word_1_173' title='bbox 1888 1500 2026 1543; x_wconf 85' lang='lat' dir='ltr'>vitam</span> 
     </span>
     <span class='ocr_line' id='line_1_23' title="bbox 504 1561 2030 1625; baseline -0.003 -19"><span class='ocrx_word' id='word_1_174' title='bbox 504 1564 712 1608; x_wconf 82' lang='lat' dir='ltr'>traduxit.</span> <span class='ocrx_word' id='word_1_175' title='bbox 750 1566 978 1610; x_wconf 85' lang='lat' dir='ltr'>Praeterea</span> <span class='ocrx_word' id='word_1_176' title='bbox 1014 1568 1313 1625; x_wconf 81' lang='lat' dir='ltr'>praecipuum,</span> <span class='ocrx_word' id='word_1_177' title='bbox 1343 1577 1387 1611; x_wconf 88' lang='lat' dir='ltr'>ut</span> <span class='ocrx_word' id='word_1_178' title='bbox 1423 1568 1479 1610; x_wconf 85' lang='lat' dir='ltr'>ita</span> <span class='ocrx_word' id='word_1_179' title='bbox 1514 1567 1657 1611; x_wconf 86' lang='lat' dir='ltr'>dicam</span> <span class='ocrx_word' id='word_1_180' title='bbox 1694 1564 1908 1607; x_wconf 82' lang='lat' dir='ltr'>theatrum</span> <span class='ocrx_word' id='word_1_181' title='bbox 1935 1561 2030 1603; x_wconf 89' lang='lat' dir='ltr'>illu-</span> 
     </span>
     <span class='ocr_line' id='line_1_24' title="bbox 501 1621 2024 1682; baseline -0.002 -16"><span class='ocrx_word' id='word_1_182' title='bbox 501 1625 650 1667; x_wconf 88' lang='lat' dir='ltr'>strium</span> <span class='ocrx_word' id='word_1_183' title='bbox 688 1634 909 1682; x_wconf 77' lang='lat' dir='ltr'>gestorum</span> <span class='ocrx_word' id='word_1_184' title='bbox 935 1628 1100 1671; x_wconf 88' lang='lat' dir='ltr'>Sororis</span> <span class='ocrx_word' id='word_1_185' title='bbox 1125 1630 1282 1673; x_wconf 87' lang='lat' dir='ltr'>Mariae</span> <span class='ocrx_word' id='word_1_186' title='bbox 1302 1629 1357 1672; x_wconf 84' lang='lat' dir='ltr'>ab</span> <span class='ocrx_word' id='word_1_187' title='bbox 1374 1627 1675 1671; x_wconf 74' lang='lat' dir='ltr'>incarnatione</span> <span class='ocrx_word' id='word_1_188' title='bbox 1694 1640 1778 1668; x_wconf 90' lang='lat' dir='ltr'>non</span> <span class='ocrx_word' id='word_1_189' title='bbox 1804 1621 1882 1665; x_wconf 82' lang='lat' dir='ltr'>suit</span> <span class='ocrx_word' id='word_1_190' title='bbox 1905 1629 2024 1664; x_wconf 85' lang='lat' dir='ltr'>certe</span> 
     </span>
     <span class='ocr_line' id='line_1_25' title="bbox 502 1682 2026 1746; baseline -0.003 -18"><span class='ocrx_word' id='word_1_191' title='bbox 502 1684 650 1729; x_wconf 86' lang='lat' dir='ltr'>civitas</span> <span class='ocrx_word' id='word_1_192' title='bbox 668 1687 929 1731; x_wconf 84' lang='lat' dir='ltr'>Turonensis</span> <span class='ocrx_word' id='word_1_193' title='bbox 947 1689 1048 1746; x_wconf 90' lang='lat' dir='ltr'>qnia</span> <span class='ocrx_word' id='word_1_194' title='bbox 1067 1689 1162 1732; x_wconf 84' lang='lat' dir='ltr'>lieet</span> <span class='ocrx_word' id='word_1_195' title='bbox 1185 1690 1319 1732; x_wconf 82' lang='lat' dir='ltr'>etiam</span> <span class='ocrx_word' id='word_1_196' title='bbox 1340 1689 1446 1732; x_wconf 83' lang='lat' dir='ltr'>inibi</span> <span class='ocrx_word' id='word_1_197' title='bbox 1464 1688 1626 1731; x_wconf 86' lang='lat' dir='ltr'>Eadem</span> <span class='ocrx_word' id='word_1_198' title='bbox 1647 1688 1780 1731; x_wconf 84' lang='lat' dir='ltr'>Serva</span> <span class='ocrx_word' id='word_1_199' title='bbox 1798 1682 1879 1725; x_wconf 90' lang='lat' dir='ltr'>Dei</span> <span class='ocrx_word' id='word_1_200' title='bbox 1901 1698 2026 1740; x_wconf 88' lang='lat' dir='ltr'>prae-</span> 
     </span>
     <span class='ocr_line' id='line_1_26' title="bbox 502 1743 2018 1808; baseline -0.002 -20"><span class='ocrx_word' id='word_1_201' title='bbox 502 1746 615 1789; x_wconf 87' lang='lat' dir='ltr'>clara</span> <span class='ocrx_word' id='word_1_202' title='bbox 649 1746 835 1790; x_wconf 82' lang='lat' dir='ltr'>ediderit</span> <span class='ocrx_word' id='word_1_203' title='bbox 868 1750 1068 1807; x_wconf 85' lang='lat' dir='ltr'>exempla</span> <span class='ocrx_word' id='word_1_204' title='bbox 1105 1750 1314 1793; x_wconf 89' lang='lat' dir='ltr'>virtutum</span> <span class='ocrx_word' id='word_1_205' title='bbox 1350 1751 1390 1793; x_wconf 94' lang='lat' dir='ltr'>in</span> <span class='ocrx_word' id='word_1_206' title='bbox 1425 1747 1701 1808; x_wconf 82' lang='lat' dir='ltr'>quadruplici</span> <span class='ocrx_word' id='word_1_207' title='bbox 1740 1743 2018 1801; x_wconf 72' lang='lat' dir='ltr'>virginitatis,</span> 
     </span>
     <span class='ocr_line' id='line_1_27' title="bbox 503 1805 2027 1869; baseline -0.001 -20"><span class='ocrx_word' id='word_1_208' title='bbox 503 1807 708 1866; x_wconf 73' lang='lat' dir='ltr'>coniugii,</span> <span class='ocrx_word' id='word_1_209' title='bbox 745 1808 986 1861; x_wconf 84' lang='lat' dir='ltr'>viduitatis,</span> <span class='ocrx_word' id='word_1_210' title='bbox 1025 1827 1073 1854; x_wconf 86' lang='lat' dir='ltr'>ae</span> <span class='ocrx_word' id='word_1_211' title='bbox 1108 1811 1342 1869; x_wconf 81' lang='lat' dir='ltr'>Religionis</span> <span class='ocrx_word' id='word_1_212' title='bbox 1375 1813 1513 1861; x_wconf 87' lang='lat' dir='ltr'>Statu,</span> <span class='ocrx_word' id='word_1_213' title='bbox 1543 1818 1730 1853; x_wconf 84' lang='lat' dir='ltr'>attamen</span> <span class='ocrx_word' id='word_1_214' title='bbox 1757 1805 1892 1849; x_wconf 86' lang='lat' dir='ltr'>dubio</span> <span class='ocrx_word' id='word_1_215' title='bbox 1925 1820 2027 1862; x_wconf 88' lang='lat' dir='ltr'>pro-</span> 
     </span>
     <span class='ocr_line' id='line_1_28' title="bbox 504 1865 2030 1929; baseline -0.001 -20"><span class='ocrx_word' id='word_1_216' title='bbox 504 1868 572 1910; x_wconf 90' lang='lat' dir='ltr'>cul</span> <span class='ocrx_word' id='word_1_217' title='bbox 607 1869 801 1911; x_wconf 89' lang='lat' dir='ltr'>omnium</span> <span class='ocrx_word' id='word_1_218' title='bbox 837 1885 1046 1914; x_wconf 87' lang='lat' dir='ltr'>consensu</span> <span class='ocrx_word' id='word_1_219' title='bbox 1085 1872 1256 1915; x_wconf 90' lang='lat' dir='ltr'>testium</span> <span class='ocrx_word' id='word_1_220' title='bbox 1293 1880 1333 1915; x_wconf 87' lang='lat' dir='ltr'>et</span> <span class='ocrx_word' id='word_1_221' title='bbox 1355 1873 1613 1929; x_wconf 82' lang='lat' dir='ltr'>scriptorum</span> <span class='ocrx_word' id='word_1_222' title='bbox 1638 1870 1713 1927; x_wconf 91' lang='lat' dir='ltr'>qui</span> <span class='ocrx_word' id='word_1_223' title='bbox 1736 1869 1791 1912; x_wconf 86' lang='lat' dir='ltr'>dc</span> <span class='ocrx_word' id='word_1_224' title='bbox 1817 1865 1931 1908; x_wconf 86' lang='lat' dir='ltr'>tttius</span> <span class='ocrx_word' id='word_1_225' title='bbox 1955 1880 2030 1922; x_wconf 79' lang='lat' dir='ltr'>ge-</span> 
     </span>
     <span class='ocr_line' id='line_1_29' title="bbox 504 1927 2027 1991; baseline -0.002 -19"><span class='ocrx_word' id='word_1_226' title='bbox 504 1929 580 1972; x_wconf 91' lang='lat' dir='ltr'>stis</span> <span class='ocrx_word' id='word_1_227' title='bbox 604 1929 733 1973; x_wconf 87' lang='lat' dir='ltr'>locuti</span> <span class='ocrx_word' id='word_1_228' title='bbox 751 1939 864 1982; x_wconf 90' lang='lat' dir='ltr'>sunt,</span> <span class='ocrx_word' id='word_1_229' title='bbox 881 1932 1146 1977; x_wconf 88' lang='lat' dir='ltr'>Canadensis</span> <span class='ocrx_word' id='word_1_230' title='bbox 1169 1933 1287 1990; x_wconf 75' lang='lat' dir='ltr'>regio</span> <span class='ocrx_word' id='word_1_231' title='bbox 1312 1933 1450 1976; x_wconf 87' lang='lat' dir='ltr'>extitit</span> <span class='ocrx_word' id='word_1_232' title='bbox 1469 1948 1573 1991; x_wconf 86' lang='lat' dir='ltr'>prae</span> <span class='ocrx_word' id='word_1_233' title='bbox 1596 1930 1746 1974; x_wconf 84' lang='lat' dir='ltr'>ceteris</span> <span class='ocrx_word' id='word_1_234' title='bbox 1769 1927 2027 1985; x_wconf 87' lang='lat' dir='ltr'>praecipuus</span> 
     </span>
     <span class='ocr_line' id='line_1_30' title="bbox 506 1985 2028 2052; baseline -0.002 -21"><span class='ocrx_word' id='word_1_235' title='bbox 506 1990 623 2033; x_wconf 87' lang='lat' dir='ltr'>locus</span> <span class='ocrx_word' id='word_1_236' title='bbox 659 1991 701 2033; x_wconf 89' lang='lat' dir='ltr'>in</span> <span class='ocrx_word' id='word_1_237' title='bbox 740 2006 825 2048; x_wconf 83' lang='lat' dir='ltr'>quo</span> <span class='ocrx_word' id='word_1_238' title='bbox 871 1994 966 2051; x_wconf 87' lang='lat' dir='ltr'>Ipsa</span> <span class='ocrx_word' id='word_1_239' title='bbox 1001 1994 1192 2037; x_wconf 86' lang='lat' dir='ltr'>heroicas</span> <span class='ocrx_word' id='word_1_240' title='bbox 1235 1994 1441 2052; x_wconf 87' lang='lat' dir='ltr'>cuiusque</span> <span class='ocrx_word' id='word_1_241' title='bbox 1481 1993 1651 2051; x_wconf 71' lang='lat' dir='ltr'>generis</span> <span class='ocrx_word' id='word_1_242' title='bbox 1686 1991 1867 2034; x_wconf 89' lang='lat' dir='ltr'>virtutes</span> <span class='ocrx_word' id='word_1_243' title='bbox 1901 1985 2028 2029; x_wconf 87' lang='lat' dir='ltr'>inde-</span> 
     </span>
     <span class='ocr_line' id='line_1_31' title="bbox 504 2048 2032 2113; baseline -0.003 -20"><span class='ocrx_word' id='word_1_244' title='bbox 504 2051 696 2094; x_wconf 90' lang='lat' dir='ltr'>sinenter</span> <span class='ocrx_word' id='word_1_245' title='bbox 730 2054 938 2104; x_wconf 85' lang='lat' dir='ltr'>exercuit,</span> <span class='ocrx_word' id='word_1_246' title='bbox 976 2055 1139 2097; x_wconf 85' lang='lat' dir='ltr'>maiora</span> <span class='ocrx_word' id='word_1_247' title='bbox 1174 2071 1254 2112; x_wconf 87' lang='lat' dir='ltr'>pro</span> <span class='ocrx_word' id='word_1_248' title='bbox 1293 2055 1368 2098; x_wconf 92' lang='lat' dir='ltr'>Dei</span> <span class='ocrx_word' id='word_1_249' title='bbox 1403 2055 1538 2113; x_wconf 74' lang='lat' dir='ltr'>gloria</span> <span class='ocrx_word' id='word_1_250' title='bbox 1559 2087 1568 2105; x_wconf 89' lang='lat'><strong><em>,</em></strong></span> <span class='ocrx_word' id='word_1_251' title='bbox 1608 2060 1652 2096; x_wconf 88' lang='lat' dir='ltr'>et</span> <span class='ocrx_word' id='word_1_252' title='bbox 1685 2053 1823 2096; x_wconf 82' lang='lat' dir='ltr'>salute</span> <span class='ocrx_word' id='word_1_253' title='bbox 1856 2048 2032 2091; x_wconf 85' lang='lat' dir='ltr'>anima-</span> 
     </span>
     <span class='ocr_line' id='line_1_32' title="bbox 505 2108 2030 2174; baseline -0.003 -21"><span class='ocrx_word' id='word_1_254' title='bbox 505 2127 603 2154; x_wconf 87' lang='lat' dir='ltr'>rum</span> <span class='ocrx_word' id='word_1_255' title='bbox 639 2113 866 2170; x_wconf 82' lang='lat' dir='ltr'>praestitit,</span> <span class='ocrx_word' id='word_1_256' title='bbox 905 2123 946 2158; x_wconf 89' lang='lat' dir='ltr'>et</span> <span class='ocrx_word' id='word_1_257' title='bbox 979 2116 1174 2174; x_wconf 78' lang='lat' dir='ltr'>graviora</span> <span class='ocrx_word' id='word_1_258' title='bbox 1209 2131 1384 2174; x_wconf 88' lang='lat' dir='ltr'>quoque</span> <span class='ocrx_word' id='word_1_259' title='bbox 1407 2115 1623 2162; x_wconf 87' lang='lat' dir='ltr'>sustinuit,</span> <span class='ocrx_word' id='word_1_260' title='bbox 1654 2121 1696 2156; x_wconf 82' lang='lat' dir='ltr'>et</span> <span class='ocrx_word' id='word_1_261' title='bbox 1717 2108 2030 2156; x_wconf 87' lang='lat' dir='ltr'>abundantiori</span> 
     </span>
     <span class='ocr_line' id='line_1_33' title="bbox 505 2169 2030 2231; baseline -0.003 -16"><span class='ocrx_word' id='word_1_262' title='bbox 505 2172 628 2229; x_wconf 90' lang='lat' dir='ltr'>copia</span> <span class='ocrx_word' id='word_1_263' title='bbox 661 2175 860 2231; x_wconf 80' lang='lat' dir='ltr'>supernis</span> <span class='ocrx_word' id='word_1_264' title='bbox 895 2176 1226 2220; x_wconf 74' lang='lat' dir='ltr'>charismatibus</span> <span class='ocrx_word' id='word_1_265' title='bbox 1260 2176 1338 2219; x_wconf 87' lang='lat' dir='ltr'>suit</span> <span class='ocrx_word' id='word_1_266' title='bbox 1370 2177 1521 2220; x_wconf 87' lang='lat' dir='ltr'>ditata.</span> <span class='ocrx_word' id='word_1_267' title='bbox 1561 2174 1686 2219; x_wconf 89' lang='lat' dir='ltr'>Unde</span> <span class='ocrx_word' id='word_1_268' title='bbox 1720 2174 1810 2217; x_wconf 87' lang='lat' dir='ltr'>iure</span> <span class='ocrx_word' id='word_1_269' title='bbox 1861 2169 2030 2228; x_wconf 87' lang='lat' dir='ltr'>optimo</span> 
     </span>
     <span class='ocr_line' id='line_1_34' title="bbox 506 2231 2031 2296; baseline -0.003 -20"><span class='ocrx_word' id='word_1_270' title='bbox 506 2249 530 2275; x_wconf 83' lang='lat' dir='ltr'>a</span> <span class='ocrx_word' id='word_1_271' title='bbox 564 2234 856 2278; x_wconf 69' lang='lat' dir='ltr'>celeberrimis</span> <span class='ocrx_word' id='word_1_272' title='bbox 891 2236 1139 2281; x_wconf 86' lang='lat' dir='ltr'>auctoribus</span> <span class='ocrx_word' id='word_1_273' title='bbox 1163 2237 1379 2296; x_wconf 81' lang='lat' dir='ltr'>appellata</span> <span class='ocrx_word' id='word_1_274' title='bbox 1413 2238 1491 2280; x_wconf 83' lang='lat' dir='ltr'>suit</span> <span class='ocrx_word' id='word_1_275' title='bbox 1526 2238 1662 2281; x_wconf 88' lang='lat' dir='ltr'>altera</span> <span class='ocrx_word' id='word_1_276' title='bbox 1689 2235 1915 2278; x_wconf 70' lang='lat' dir='ltr'>Amen-icae</span> <span class='ocrx_word' id='word_1_277' title='bbox 1947 2231 2031 2272; x_wconf 88' lang='lat' dir='ltr'>Te-</span> 
     </span>
     <span class='ocr_line' id='line_1_35' title="bbox 506 2294 2032 2355; baseline -0.002 -19"><span class='ocrx_word' id='word_1_278' title='bbox 506 2294 630 2344; x_wconf 86' lang='lat' dir='ltr'>resia,</span> <span class='ocrx_word' id='word_1_279' title='bbox 648 2303 690 2337; x_wconf 90' lang='lat' dir='ltr'>et</span> <span class='ocrx_word' id='word_1_280' title='bbox 717 2296 883 2353; x_wconf 86' lang='lat' dir='ltr'>primus</span> <span class='ocrx_word' id='word_1_281' title='bbox 899 2299 1274 2355; x_wconf 82' lang='lat' dir='ltr'>Septemtrionalis</span> <span class='ocrx_word' id='word_1_282' title='bbox 1292 2298 1518 2342; x_wconf 85' lang='lat' dir='ltr'>Americae</span> <span class='ocrx_word' id='word_1_283' title='bbox 1545 2298 1639 2342; x_wconf 89' lang='lat' dir='ltr'>ssos.</span> <span class='ocrx_word' id='word_1_284' title='bbox 1661 2298 1855 2354; x_wconf 79' lang='lat' dir='ltr'>Insuper,</span> <span class='ocrx_word' id='word_1_285' title='bbox 1877 2305 2032 2350; x_wconf 86' lang='lat' dir='ltr'>quem-</span> 
     </span>
     <span class='ocr_line' id='line_1_36' title="bbox 508 2354 2031 2411; baseline 0.001 -14"><span class='ocrx_word' id='word_1_286' title='bbox 508 2354 750 2399; x_wconf 84' lang='lat' dir='ltr'>admodum</span> <span class='ocrx_word' id='word_1_287' title='bbox 785 2373 837 2399; x_wconf 84' lang='lat' dir='ltr'>ex</span> <span class='ocrx_word' id='word_1_288' title='bbox 870 2358 1104 2402; x_wconf 88' lang='lat' dir='ltr'>Summarii</span> <span class='ocrx_word' id='word_1_289' title='bbox 1141 2359 1298 2403; x_wconf 89' lang='lat' dir='ltr'>tabulis</span> <span class='ocrx_word' id='word_1_290' title='bbox 1332 2367 1511 2410; x_wconf 85' lang='lat' dir='ltr'>constat,</span> <span class='ocrx_word' id='word_1_291' title='bbox 1551 2357 1825 2404; x_wconf 84' lang='lat' dir='ltr'>Canadenses</span> <span class='ocrx_word' id='word_1_292' title='bbox 1857 2366 2031 2411; x_wconf 83' lang='lat' dir='ltr'>quoque</span> 
     </span>
     <span class='ocr_line' id='line_1_37' title="bbox 506 2412 2032 2480; baseline -0.003 -21"><span class='ocrx_word' id='word_1_293' title='bbox 506 2423 635 2460; x_wconf 86' lang='lat' dir='ltr'>testes</span> <span class='ocrx_word' id='word_1_294' title='bbox 657 2452 666 2468; x_wconf 91' lang='lat'><strong><em>,</em></strong></span> <span class='ocrx_word' id='word_1_295' title='bbox 705 2427 749 2461; x_wconf 84' lang='lat' dir='ltr'>et</span> <span class='ocrx_word' id='word_1_296' title='bbox 782 2417 921 2462; x_wconf 73' lang='lat' dir='ltr'>forsan</span> <span class='ocrx_word' id='word_1_297' title='bbox 959 2421 1114 2464; x_wconf 87' lang='lat' dir='ltr'>melius</span> <span class='ocrx_word' id='word_1_298' title='bbox 1146 2436 1276 2478; x_wconf 89' lang='lat' dir='ltr'>quam</span> <span class='ocrx_word' id='word_1_299' title='bbox 1311 2421 1468 2480; x_wconf 85' lang='lat' dir='ltr'>exequi</span> <span class='ocrx_word' id='word_1_300' title='bbox 1515 2421 1753 2478; x_wconf 87' lang='lat' dir='ltr'>potuissent</span> <span class='ocrx_word' id='word_1_301' title='bbox 1798 2412 2032 2459; x_wconf 87' lang='lat' dir='ltr'>desiderati</span> 
     </span>
     <span class='ocr_line' id='line_1_38' title="bbox 510 2474 2030 2541; baseline -0.003 -22"><span class='ocrx_word' id='word_1_302' title='bbox 510 2485 637 2520; x_wconf 85' lang='lat' dir='ltr'>testes</span> <span class='ocrx_word' id='word_1_303' title='bbox 670 2480 957 2531; x_wconf 87' lang='lat' dir='ltr'>Turonenses,</span> <span class='ocrx_word' id='word_1_304' title='bbox 996 2497 1044 2525; x_wconf 89' lang='lat' dir='ltr'>ea</span> <span class='ocrx_word' id='word_1_305' title='bbox 1081 2481 1240 2533; x_wconf 85' lang='lat' dir='ltr'>omnia,</span> <span class='ocrx_word' id='word_1_306' title='bbox 1279 2489 1322 2524; x_wconf 89' lang='lat' dir='ltr'>et</span> <span class='ocrx_word' id='word_1_307' title='bbox 1353 2482 1520 2540; x_wconf 78' lang='lat' dir='ltr'>singula</span> <span class='ocrx_word' id='word_1_308' title='bbox 1555 2497 1667 2541; x_wconf 85' lang='lat' dir='ltr'>quae</span> <span class='ocrx_word' id='word_1_309' title='bbox 1694 2474 2030 2523; x_wconf 83' lang='lat' dir='ltr'>adolescentiam</span> 
     </span>
     <span class='ocr_line' id='line_1_39' title="bbox 508 2538 2032 2597; baseline -0.003 -17"><span class='ocrx_word' id='word_1_310' title='bbox 508 2545 552 2581; x_wconf 87' lang='lat' dir='ltr'>et</span> <span class='ocrx_word' id='word_1_311' title='bbox 585 2538 852 2584; x_wconf 85' lang='lat' dir='ltr'>iuventutem</span> <span class='ocrx_word' id='word_1_312' title='bbox 889 2559 912 2585; x_wconf 87' lang='lat' dir='ltr'>a</span> <span class='ocrx_word' id='word_1_313' title='bbox 946 2543 1080 2586; x_wconf 87' lang='lat' dir='ltr'>Serva</span> <span class='ocrx_word' id='word_1_314' title='bbox 1114 2542 1193 2585; x_wconf 88' lang='lat' dir='ltr'>Dei</span> <span class='ocrx_word' id='word_1_315' title='bbox 1213 2543 1398 2587; x_wconf 87' lang='lat' dir='ltr'>Turonis</span> <span class='ocrx_word' id='word_1_316' title='bbox 1432 2551 1690 2586; x_wconf 84' lang='lat' dir='ltr'>transactam</span> <span class='ocrx_word' id='word_1_317' title='bbox 1715 2538 1962 2597; x_wconf 82' lang='lat' dir='ltr'>respiciunt,</span> <span class='ocrx_word' id='word_1_318' title='bbox 1987 2542 2032 2577; x_wconf 90' lang='lat' dir='ltr'>et</span> 
     </span>
     <span class='ocr_line' id='line_1_40' title="bbox 507 2598 2029 2662; baseline -0.005 -19"><span class='ocrx_word' id='word_1_319' title='bbox 507 2598 698 2644; x_wconf 86' lang='lat' dir='ltr'>fideliter</span> <span class='ocrx_word' id='word_1_320' title='bbox 732 2608 774 2644; x_wconf 89' lang='lat' dir='ltr'>et</span> <span class='ocrx_word' id='word_1_321' title='bbox 807 2618 883 2660; x_wconf 89' lang='lat' dir='ltr'>pro</span> <span class='ocrx_word' id='word_1_322' title='bbox 919 2604 1102 2647; x_wconf 85' lang='lat' dir='ltr'>veritate</span> <span class='ocrx_word' id='word_1_323' title='bbox 1136 2604 1445 2662; x_wconf 85' lang='lat' dir='ltr'>deposuerunt,</span> <span class='ocrx_word' id='word_1_324' title='bbox 1486 2604 1547 2647; x_wconf 87' lang='lat' dir='ltr'>uti</span> <span class='ocrx_word' id='word_1_325' title='bbox 1582 2603 1785 2647; x_wconf 86' lang='lat' dir='ltr'>videlicet</span> <span class='ocrx_word' id='word_1_326' title='bbox 1820 2599 1951 2642; x_wconf 90' lang='lat' dir='ltr'>iidem</span> <span class='ocrx_word' id='word_1_327' title='bbox 1976 2610 2029 2638; x_wconf 88' lang='lat' dir='ltr'>ex</span> 
     </span>
     <span class='ocr_line' id='line_1_41' title="bbox 509 2659 2032 2723; baseline -0.003 -21"><span class='ocrx_word' id='word_1_328' title='bbox 509 2661 744 2706; x_wconf 84' lang='lat' dir='ltr'>traditione</span> <span class='ocrx_word' id='word_1_329' title='bbox 766 2664 856 2707; x_wconf 86' lang='lat' dir='ltr'>sive</span> <span class='ocrx_word' id='word_1_330' title='bbox 878 2665 1003 2717; x_wconf 87' lang='lat' dir='ltr'>orali,</span> <span class='ocrx_word' id='word_1_331' title='bbox 1024 2666 1116 2709; x_wconf 88' lang='lat' dir='ltr'>sive</span> <span class='ocrx_word' id='word_1_332' title='bbox 1138 2666 1312 2723; x_wconf 86' lang='lat' dir='ltr'>scripta,</span> <span class='ocrx_word' id='word_1_333' title='bbox 1334 2665 1421 2709; x_wconf 86' lang='lat' dir='ltr'>sive</span> <span class='ocrx_word' id='word_1_334' title='bbox 1456 2665 1498 2708; x_wconf 88' lang='lat' dir='ltr'>in</span> <span class='ocrx_word' id='word_1_335' title='bbox 1533 2664 1688 2716; x_wconf 86' lang='lat' dir='ltr'>Gallia,</span> <span class='ocrx_word' id='word_1_336' title='bbox 1709 2664 1799 2707; x_wconf 89' lang='lat' dir='ltr'>sive</span> <span class='ocrx_word' id='word_1_337' title='bbox 1823 2660 1864 2703; x_wconf 90' lang='lat' dir='ltr'>in</span> <span class='ocrx_word' id='word_1_338' title='bbox 1892 2659 2032 2701; x_wconf 81' lang='lat' dir='ltr'>Cana-</span> 
     </span>
     <span class='ocr_line' id='line_1_42' title="bbox 508 2720 2034 2784; baseline 0.003 -19"><span class='ocrx_word' id='word_1_339' title='bbox 508 2721 631 2766; x_wconf 87' lang='lat' dir='ltr'>densi</span> <span class='ocrx_word' id='word_1_340' title='bbox 664 2723 843 2782; x_wconf 79' lang='lat' dir='ltr'>regione</span> <span class='ocrx_word' id='word_1_341' title='bbox 876 2735 1150 2784; x_wconf 87' lang='lat' dir='ltr'>acceperant.</span> <span class='ocrx_word' id='word_1_342' title='bbox 1173 2728 1223 2770; x_wconf 91' lang='lat' dir='ltr'>Et</span> <span class='ocrx_word' id='word_1_343' title='bbox 1258 2742 1312 2770; x_wconf 89' lang='lat' dir='ltr'>ne</span> <span class='ocrx_word' id='word_1_344' title='bbox 1345 2726 1531 2784; x_wconf 78' lang='lat' dir='ltr'>gratuita</span> <span class='ocrx_word' id='word_1_345' title='bbox 1564 2727 1668 2770; x_wconf 84' lang='lat' dir='ltr'>haee</span> <span class='ocrx_word' id='word_1_346' title='bbox 1702 2739 1798 2767; x_wconf 82' lang='lat' dir='ltr'>mea</span> <span class='ocrx_word' id='word_1_347' title='bbox 1833 2720 2034 2764; x_wconf 64' lang='lat' dir='ltr'>videatur</span> 
     </span>
     <span class='ocr_line' id='line_1_43' title="bbox 509 2779 2034 2847; baseline -0.003 -22"><span class='ocrx_word' id='word_1_348' title='bbox 509 2785 683 2828; x_wconf 84' lang='lat' dir='ltr'>assertio</span> <span class='ocrx_word' id='word_1_349' title='bbox 702 2785 744 2828; x_wconf 93' lang='lat' dir='ltr'>in</span> <span class='ocrx_word' id='word_1_350' title='bbox 765 2785 956 2830; x_wconf 90' lang='lat' dir='ltr'>medium</span> <span class='ocrx_word' id='word_1_351' title='bbox 977 2787 1214 2844; x_wconf 83' lang='lat' dir='ltr'>producam</span> <span class='ocrx_word' id='word_1_352' title='bbox 1234 2804 1347 2847; x_wconf 88' lang='lat' dir='ltr'>quae</span> <span class='ocrx_word' id='word_1_353' title='bbox 1364 2788 1419 2832; x_wconf 87' lang='lat' dir='ltr'>de</span> <span class='ocrx_word' id='word_1_354' title='bbox 1440 2789 1575 2833; x_wconf 84' lang='lat' dir='ltr'>Serva</span> <span class='ocrx_word' id='word_1_355' title='bbox 1591 2787 1673 2831; x_wconf 88' lang='lat' dir='ltr'>Dei</span> <span class='ocrx_word' id='word_1_356' title='bbox 1691 2782 1875 2829; x_wconf 88' lang='lat' dir='ltr'>Turonis</span> <span class='ocrx_word' id='word_1_357' title='bbox 1892 2779 2034 2825; x_wconf 89' lang='lat' dir='ltr'>adhuc</span> 
     </span>
     <span class='ocr_line' id='line_1_44' title="bbox 507 2843 2030 2909; baseline -0.003 -22"><span class='ocrx_word' id='word_1_358' title='bbox 507 2843 711 2902; x_wconf 81' lang='lat' dir='ltr'>degente,</span> <span class='ocrx_word' id='word_1_359' title='bbox 738 2855 779 2890; x_wconf 89' lang='lat' dir='ltr'>et</span> <span class='ocrx_word' id='word_1_360' title='bbox 802 2855 901 2891; x_wconf 87' lang='lat' dir='ltr'>ante</span> <span class='ocrx_word' id='word_1_361' title='bbox 925 2848 1156 2893; x_wconf 88' lang='lat' dir='ltr'>discessum</span> <span class='ocrx_word' id='word_1_362' title='bbox 1181 2850 1279 2893; x_wconf 87' lang='lat' dir='ltr'>Eius</span> <span class='ocrx_word' id='word_1_363' title='bbox 1303 2848 1356 2893; x_wconf 85' lang='lat' dir='ltr'>ad</span> <span class='ocrx_word' id='word_1_364' title='bbox 1378 2849 1677 2894; x_wconf 83' lang='lat' dir='ltr'>Canadensem</span> <span class='ocrx_word' id='word_1_365' title='bbox 1710 2846 1932 2906; x_wconf 79' lang='lat' dir='ltr'>regionem</span> <span class='ocrx_word' id='word_1_366' title='bbox 1969 2849 2030 2909; x_wconf 74' lang='lat' dir='ltr'>te-</span> 
     </span>
     <span class='ocr_line' id='line_1_45' title="bbox 511 2902 2040 2968; baseline -0.003 -17"><span class='ocrx_word' id='word_1_367' title='bbox 511 2905 586 2949; x_wconf 80' lang='lat' dir='ltr'>stis</span> <span class='ocrx_word' id='word_1_368' title='bbox 619 2923 696 2965; x_wconf 90' lang='lat' dir='ltr'>pro</span> <span class='ocrx_word' id='word_1_369' title='bbox 722 2907 902 2953; x_wconf 87' lang='lat' dir='ltr'>veritate</span> <span class='ocrx_word' id='word_1_370' title='bbox 926 2910 962 2952; x_wconf 92' lang='lat' dir='ltr'>ll</span> <span class='ocrx_word' id='word_1_371' title='bbox 996 2911 1190 2968; x_wconf 88' lang='lat' dir='ltr'>protulit.</span> <span class='ocrx_word' id='word_1_372' title='bbox 1218 2914 1281 2956; x_wconf 89' lang='lat' dir='ltr'>En</span> <span class='ocrx_word' id='word_1_373' title='bbox 1305 2910 1393 2954; x_wconf 90' lang='lat' dir='ltr'>eius</span> <span class='ocrx_word' id='word_1_374' title='bbox 1418 2911 1568 2955; x_wconf 80' lang='lat' dir='ltr'>verba:</span> <span class='ocrx_word' id='word_1_375' title='bbox 1603 2932 1618 2949; x_wconf 83' lang='grc'><strong>«</strong></span> <span class='ocrx_word' id='word_1_376' title='bbox 1649 2911 1706 2953; x_wconf 82' lang='lat' dir='ltr'>La</span> <span class='ocrx_word' id='word_1_377' title='bbox 1730 2910 1865 2954; x_wconf 84' lang='lat' dir='ltr'>Serva</span> <span class='ocrx_word' id='word_1_378' title='bbox 1886 2904 1930 2948; x_wconf 94' lang='lat' dir='ltr'>di</span> <span class='ocrx_word' id='word_1_379' title='bbox 1953 2902 2040 2944; x_wconf 72' lang='lat' dir='ltr'>Dio</span> 
     </span>
    </p>
   </div>
   <div class='ocr_carea' id='block_1_4' title="bbox 0 3180 532 3584">
    <p class='ocr_par' dir='ltr' id='par_1_5' title="bbox 0 3180 532 3584">
     <span class='ocr_line' id='line_1_46' title="bbox 0 3180 532 3584; baseline 0 0"><span class='ocrx_word' id='word_1_380' title='bbox 0 3180 532 3584; x_wconf 95' lang='lat' dir='ltr'> </span> 
     </span>
    </p>
   </div>
   <div class='ocr_carea' id='block_1_5' title="bbox 2512 0 2664 3584">
    <p class='ocr_par' dir='ltr' id='par_1_6' title="bbox 2512 0 2664 3584">
     <span class='ocr_line' id='line_1_47' title="bbox 2512 0 2664 3584; baseline 0 0"><span class='ocrx_word' id='word_1_381' title='bbox 2512 0 2664 3584; x_wconf 95' lang='lat' dir='ltr'> </span> 
     </span>
    </p>
   </div>
  </div>
 </body>
</html>
