2656 3616
2076 274 2108 318 9

608 362 634 391 a
670 344 964 391 fundamentis
997 354 1210 399 evertere,
1245 345 1335 391 sive
1358 346 1476 392 totali
1500 344 1745 392 Monasterii
1771 359 1847 404 per
1870 344 2013 405 ignem
2037 347 2111 392 de·

610 407 862 460 structione,
899 408 990 452 sive
1022 407 1308 452 barbarorum
1343 407 1686 459 excursionibus,
1723 405 1813 451 sive
1845 405 2017 452 defectu
2049 424 2113 453 re·

612 481 708 510 rum
741 482 853 526 quae
885 467 940 513 ad
974 468 1106 512 vitam
1139 475 1237 511 sunt
1269 468 1552 520 necessariae,
1589 467 1679 512 sive
1712 466 1905 525 denique
1939 465 2111 514 illarum

612 527 734 571 obitu
767 528 980 573 sodalium
1013 543 1124 587 quae
1143 528 1225 571 sibi
1245 529 1435 574 maximo
1453 528 1623 573 fuerant
1640 527 1927 572 adiumento
1917 543 1957 572 ιιι
1982 544 2114 588 opere

610 588 878 640 Missionum,
914 598 955 632 et
989 588 1236 633 Monasterii
1275 589 1512 646 regimine,
1548 597 1737 633 attamen
1770 589 1902 634 Serva
1939 590 2017 632 Dei
2044 605 2112 633 ve-

613 648 690 691 luti
736 664 898 693 annosa
946 664 1130 708 quercus
1162 664 1274 707 quae
1305 649 1519 693 altissimis
1559 649 1702 694 delixa
1742 644 1958 693 radicibus
1991 651 2107 694 nulla

612 723 804 766 unquam
841 709 879 752 vi
914 709 1164 754 labefactari
1198 716 1352 767 potest,
1391 710 1570 753 immota
1605 709 1841 766 [ιιιιιιιιη5ἰι
1874 710 2111 755 nacho-am

615 776 764 812 tenens
795 770 886 828 spei
920 785 1033 828 quae
1068 784 1152 813 non
1185 769 1427 821 confundit,
1462 777 1507 814 et
1538 769 1724 812 Divinae
1747 769 1985 829 adhaerens
2007 772 2113 815 Pro-

616 829 834 873 videntiae
866 831 1043 888 quaein
1071 829 1311 888 praemium
1348 838 1489 874 tantae
1522 829 1693 872 virtutis
1734 829 2022 886 plenissimam
2059 832 2105 875 Ei

612 896 764 932 contra
793 890 939 934 omnia
971 890 1135 934 diaboli
1169 890 1395 934 molimina
1428 890 1551 935 dedit
1579 889 1802 932 victoriam
1826 889 1967 948 (Sum.
1997 890 2105 935 ibid.

614 963 714 1007 pag.
742 950 936 1020 49-60).

493 1010 567 1053 012.
602 1010 688 1053 Nee
719 1009 905 1063 silentio,
927 1011 1115 1054 arbitror
1148 1011 1513 1089 praetereundum
1546 1009 1663 1069 quod
1697 1010 1827 1054 Serva
1851 1009 1932 1053 Dei
1955 1026 1979 1053 a
2007 1012 2113 1055 San-

0 895 22 1358 ⁸⁴..Dmm-r—u

610 1078 680 1113 eto
711 1070 875 1140 Spiritu
921 1071 1103 1121 edocta,
1150 1080 1192 1116 et
1225 1071 1419 1130 plurimis
1460 1071 1595 1115 ditata
1638 1069 1834 1128 supernis
1876 1070 2112 1116 'visionibus

614 1130 738 1188 plura
785 1131 953 1189 scriptis
995 1131 1134 1176 edidit
1173 1148 1283 1190 quae
1330 1132 1559 1175 coelestem
1608 1130 1774 1188 spirant
1812 1131 2105 1188 sapientiam,

612 1205 812 1260 quaeque
835 1202 925 1235 auc
932 1192 1085 1236 oritate
1108 1192 1418 1251 praestantium
1441 1192 1635 1235 virorum
1658 1190 1869 1234 eiusmodi
1893 1200 1992 1235 sunt
2020 1207 2110 1236 me-

615 1251 716 1302 riti,
753 1259 794 1295 et
827 1252 1105 1296 excellentiae
1139 1261 1184 1296 ut
1221 1253 1329 1296 inter
1361 1252 1612 1311 praecipuos
1643 1250 1844 1309 spiritatis
1877 1252 1991 1295 vitae
2021 1268 2111 1297 ma·

611 1312 763 1369 gistros
797 1310 935 1370 ipsam
971 1313 1063 1356 iure
1096 1313 1261 1371 optimo
1296 1323 1475 1371 ponant.

494 1371 566 1414 43.
604 1372 860 1415 Huiusmodi
886 1389 1013 1430 porro
1035 1373 1231 1417 eoelestia
1254 1374 1353 1418 dom
1356 1390 1384 1425 ι,
1411 1382 1452 1417 et
1483 1373 1711 1416 chrismata
1731 1372 1979 1431 praesertim
2004 1373 2108 1431 qnia

5 1512 27 1583 net
0 1452 28 1478 ἰ’
0 1377 4 1419 ““’

612 1447 713 1475 cum
749 1432 926 1475 heroicis
960 1433 1076 1476 illius
1111 1434 1188 1476 virt
1214 1434 1339 1477 cibus
1371 1434 1611 1477 consociat-a
1647 1442 1806 1476 tantam
1833 1441 2008 1492 tamque
2039 1433 2108 1477 fir-

614 1506 729 1534 mam
764 1501 806 1535 et
844 1492 1126 1536 υιιίνιι5ιιΙοιη
1159 1493 1401 1538 Sanctitatis
1436 1494 1592 1536 samam
1625 1494 1784 1537 Seu-vae
1818 1493 1897 1536 Dei
1930 1509 2112 1551 pepere-

613 1560 731 1602 runt,
769 1561 814 1596 ιιι
845 1568 930 1596 non
966 1553 1095 1597 modo
1129 1553 1294 1597 minuta
1328 1553 1466 1610 plebs,
1502 1561 1575 1596 aut,
1607 1552 1828 1597 indoctum
1862 1569 1910 1596 ae
1940 1569 2112 1613 semper

613 1612 824 1656 mutabile
857 1613 1009 1672 vul-rus
1050 1615 1185 1671 lpsam
1222 1622 1264 1656 ut
1297 1614 1500 1659 Sanctam
1543 1613 1922 1663 conelainaverint,
1960 1629 2109 1658 verum

613 1673 746 1716 etiam
779 1674 973 1717 homines
1007 1674 1217 1733 cuiusque
1264 1674 1416 1717 aetatis
1448 1689 1573 1717 stxus
1606 1681 1649 1717 ιιι
1690 1673 1945 1717 conditionis
1977 1674 2109 1719 etiam

612 1734 948 1791 spectatissimae
983 1735 1099 1779 idem
1134 1735 1310 1778 sensisse
1344 1742 1387 1777 et
1419 1734 1543 1778 dietis
1576 1742 1618 1777 et
1651 1734 1772 1778 saetis
1806 1735 1871 1778 vel
1911 1734 1968 1777 ab
2004 1750 2109 1779 aevo

616 1794 814 1839 Eiusdem
849 1794 904 1838 d(
894 1804 1073 1839 monsti-
1074 1795 1255 1838 aven-int.

494 1854 566 1898 44.
602 1855 651 1898 lta
640 1871 753 1914 aque
771 1854 921 1900 coelo
910 1870 993 1899 iam
1020 1864 1102 1899 ιιι-ιι
1110 1872 1185 1899 ura
1207 1854 1536 1914 septuagenario
1555 1855 1694 1900 maior
1712 1863 1806 1914 post
1829 1855 2024 1899 iteratam
2044 1856 2109 1900 di-

613 1916 827 1960 rissimam
853 1916 1149 1959 infirmitatem
1173 1932 1301 1975 quam
1327 1915 1533 1974 patientia
1552 1932 1654 1960 vere
1684 1916 1890 1986 singulari
1913 1925 1956 1959 et
1979 1916 2106 1960 mira-

610 1977 686 2021 bili
710 1978 818 2021 toler
819 1977 923 2027 wit,
944 1977 1152 2020 Ecclesia*
1102 1992 1152 2020 ae
1169 1979 1270 2022 Saci-
1274 1978 1455 2020 amentis
1472 1992 1641 2021 summa
1659 1977 1760 2021 deuy
1748 1977 1887 2020 »tione
1906 1978 2109 2035 susceptis

610 2046 653 2081 et
689 2011 974 2081 Eucharistieo
999 2053 1108 2096 pane
1140 2037 1307 2094 saepius
1339 2037 1493 2081 resecta
1518 2037 1653 2095 (quod
1679 2039 1771 2095 lpsa
1794 2036 2106 2094 concupiscenti

610 2098 755 2142 animo
788 2106 1043 2156 optaverat,
1080 2105 1122 2140 et
1155 2098 1263 2141 votis
1295 2097 1500 2140 omnibus
1532 2097 1840 2156 exquisiverat)
1875 2097 2106 2154 pretiosam

612 2160 653 2201 in
688 2167 916 2216 conspectu
953 2158 1125 2201 Domini
1160 2166 1342 2200 mortem
1375 2158 1558 2215 oppetiit,
1589 2173 1722 2215 quam
1757 2157 1999 2200 eommunis
2038 2174 2104 2200 so·

609 2219 789 2288 dulium,
827 2228 868 2262 et.
901 2218 1160 2262 Canadensis
1193 2218 1340 2275 populi
1377 2217 1511 2261 luctus
1535 2217 1716 2275 excepit.
1759 2218 1869 2261 iusta
1905 2217 2105 2261 funebria

612 2288 703 2322 tum
738 2280 778 2322 in
814 2278 998 2323 Ecchsia
1031 2279 1093 2321 sui
1129 2277 1401 2328 ltlonasterii,
1440 2287 1528 2320 tum
1565 2278 1606 2321 in
1643 2277 1735 2320 aliis
1763 2277 1951 2333 Quebrci
1976 2288 2016 2320 et
2043 2295 2108 2322 re·

610 2339 749 2397 gionis
771 2339 872 2382 Can:
876 2338 943 2380 ιιΙι·
935 2339 1033 2381 -ιι5ἰ5
1060 2338 1250 2381 Ecclesiis
1272 2345 1369 2380 sunt
1391 2338 1550 2381 celtbr·
1542 2347 1609 2382 ιιιιι
1632 2338 1811 2381 5υΙιιιιιιί
1837 2353 1995 2397 pompa
2018 2354 2107 2382 ιιιιι·

613 2400 729 2442 ximo
761 2399 909 2457 populi
934 2414 1084 2441 eom-u:
1086 2414 1142 2441 ·su
1176 2398 1217 2441 in
1243 2398 1400 2456 quibus
1423 2400 1517 2456 ele·
1505 2399 1788 2442 antissiinuin
1820 2399 1998 2442 lunebre
2021 2399 2107 2442 (lu-

609 2460 728 2518 «riam
755 2476 777 2503 ιι
801 2459 1050 2503 doctissimo
1082 2468 1124 2502 et
1148 2459 1469 2518 religiosissimo
1494 2460 1583 2503 vim
1608 2459 1686 2503 suit
1707 2460 1923 2503 communi
1951 2461 2104 2518 plausu

612 2520 850 2564 recitatum.

555 2615 564 2625 .
600 2582 685 2625 Nec
718 2581 946 2624 imminuta
981 2588 1116 2625 tractu
1150 2580 1369 2639 temporis,
1408 2588 1478 2624 aut
1512 2581 1674 2625 incerta
1698 2581 1972 2625 evasitdicta
2001 2583 2105 2626 San-

610 2642 765 2686 ctitatis
798 2643 945 2693 Fama,
982 2641 1085 2699 quin
1121 2641 1263 2698 potius
1294 2657 1316 2684 a
1353 2642 1504 2685 itinere
1528 2643 1640 2685 vires
1669 2642 1893 2701 acquisivit
1920 2642 2103 2686 maiores

613 2703 672 2746 ita
707 2711 748 2745 ut
786 2703 878 2746 licet
915 2702 1004 2745 (luo
1040 2703 1122 2745 iam
1158 2711 1200 2744 ut
1230 2702 1418 2760 amplius
1449 2702 1709 2746 defluxerint
1739 2703 1909 2746 saecula
1934 2703 2100 2752 abillo,

609 2772 660 2807 ιιι·
685 2763 797 2821 quod
833 2763 965 2822 pluris
999 2770 1063 2805 est
1098 2772 1157 2805 tot
1179 2763 1391 2817 tantisque
1420 2764 1683 2820 gravissimis
1704 2779 1847 2807 rerum
1872 2772 1913 2806 et
1938 2770 2104 2821 tempo·

610 2838 706 2867 rum
744 2823 1107 2867 vicissitudinibus
1141 2823 1386 2874 interiectis,
1426 2825 1481 2867 Ea
1518 2831 1659 2866 tamen
1697 2824 1875 2867 ininime
1898 2824 2099 2882 clanguit,

610 2884 686 2928 sed
709 2892 855 2928 contra
890 2884 1135 2927 huiusmodi
1171 2883 1360 2942 vigorem
1397 2892 1436 2927 rt
1473 2885 1764 2928 extensionem
1801 2893 1986 2929 assecuta
2011 2894 2097 2935 est,

1836 2959 1867 3002 2
