2640 3616
2132 306 2187 349 17

691 387 872 430 B.M.¹s.
899 413 927 421 -
955 387 1013 428 Ex
1054 383 1140 427 fide
1165 391 1243 432 est,
1280 382 1312 425 si
1345 398 1419 425 nos
1455 381 1495 424 in
1528 380 1604 424 hae
1632 381 1920 438 lacrymarum
1957 378 2065 422 valle
2086 394 2186 424 exu-

695 447 846 497 lantes,
876 447 944 505 pia
979 459 1077 489 eum
1111 443 1342 486 devotione
1383 443 1617 486 clamemus
1653 440 1709 485 ad
1743 438 1996 496 Virginem,
2044 438 2186 497 Ipsam

692 521 1004 567 prosequamur
1043 504 1178 553 votis,
1216 502 1425 547 sociemus
1471 503 1513 546 in
1547 501 1756 551 canticis,
1800 499 2001 544 laudibus
2039 499 2191 545 efferu-

692 584 804 618 mus,
838 574 1049 625 quutenus
1087 571 1286 622 agnoscat
1327 571 1462 607 muter
1499 563 1622 614 tilios,
1656 562 1792 605 libera
1831 561 2049 618 captivos,
2076 560 2192 606 dcti-

693 629 766 673 eiis
784 626 1038 671 coelestibus
1063 624 1302 683 impinguet
1336 623 1566 667 famelicos.
1595 644 1610 662 c
1651 624 1702 666 Et
1729 623 1807 666 hoe
1831 638 1881 665 eu
1911 620 2186 679 potissimum

694 689 750 734 de
798 703 922 731 causa
971 686 1069 744 quia
1106 693 1200 743 post
1238 684 1452 728 Christum
1505 698 1631 726 nemo
1667 683 1803 739 gratia
1848 683 2016 740 plenior
2057 697 2187 741 quam

694 748 878 806 Deipura
908 762 1021 805 quae
1070 746 1224 789 ideireo
1259 745 1448 789 maximo
1482 744 1641 801 gratiae
1673 750 1715 785 et,
1753 743 1914 800 gloriae
1956 760 1979 786 a
2014 744 2193 787 caeteris

693 809 898 852 omnibus
917 807 1081 851 Sanctis
1106 813 1290 864 praestat
1318 805 1545 848 intervallo
1575 803 1951 863 quemadmodum
1975 803 2193 861 sapienter

700 869 1181 931 adiiota1·uiit>S.ltot11‹÷
1202 868 1420 910 Romanae
1440 864 1670 908 Auditores
1704 866 1743 906 in
1777 863 2000 907 Relatiom·
2025 867 2193 908 Causae

695 931 739 973 S.
779 928 923 971 Atoisii
955 929 1180 984 Gonzagae
1221 926 1340 970 cuius
1375 925 1594 973 eximiam,
1631 942 1680 968 ac
1708 923 1959 982 singulutmt
2007 924 2047 966 in
2082 925 2195 969 Dei-

695 1004 841 1047 param
876 988 1082 1046 pietatem
1130 986 1184 1030 ad
1229 986 1443 1030 heroicam
1495 986 1643 1029 Fidon·
1682 986 1937 1028 retulema¹¹
1985 993 2043 1027 na
2085 999 2189 1028 vero

698 1050 831 1092 iidem
870 1048 1157 1091 disserebant:
1193 1047 1469 1105 -Deiparam
1504 1046 1725 1103 Virginem
1765 1046 1960 1089 omnium
1998 1044 2194 1089 Advoca-

697 1119 781 1152 tum
825 1109 1069 1152 mortalium
1107 1108 1292 1151 maxima
1329 1107 1460 1151 animi
1502 1106 1735 1150 devotione
1776 1107 1941 1149 colebat
1952 1138 2106 1149 ........
2145 1108 2197 1149 Et

696 1169 850 1213 merito
900 1170 978 1212 hoe
1020 1168 1277 1227 obsequium
1335 1167 1574 1210 devotionis
1619 1168 1833 1225 Deiparue
1875 1166 2191 1224 impendebat,

147 1274 151 1279 ,
284 1277 286 1280 ,
698 1246 795 1273 euin
822 1238 986 1273 certum
1012 1230 1077 1281 sit,
1111 1229 1327 1272 stu-istum
1364 1229 1504 1272 Deum
1532 1228 1715 1286 primam
1737 1244 1843 1278 esse,
1871 1244 1918 1271 ae
1944 1241 2194 1285 supremam

5 1325 33 1369 Η
695 1291 868 1335 divinae
907 1292 1068 1348 gratiae
1108 1306 1295 1340 eausam,
1336 1290 1390 1332 ita
1427 1297 1474 1332 ut
1509 1290 1673 1349 absque
1711 1288 1829 1332 Fidei
1868 1289 2025 1332 iactura
2054 1287 2189 1331 indu-

41 1343 66 1368 ⁰
694 1350 818 1393 bium
860 1360 1044 1409 nequeat
1079 1352 1284 1402 revocari3
1319 1350 1512 1406 proxime
1545 1365 1649 1393 vero
1681 1350 1737 1393 ad
1773 1350 1873 1393 Eius
1906 1349 2068 1406 gratiae
2100 1349 2193 1406 ple-

697 1409 936 1453 nitudinem
978 1412 1270 1455 Beatissimain
1303 1411 1399 1453 Eius
1436 1410 1698 1454 Genitrieem
1737 1410 1976 1454 accessisse.
2008 1411 2115 1452 Nam
2150 1416 2197 1452 ut

3 1506 43 1550 .d
695 1471 946 1513 omittamus
987 1472 1236 1529 Angelieam
1272 1470 1586 1515 Salutationem
1631 1487 1743 1529 quae
1775 1471 1898 1514 illam
1933 1471 2066 1528 gratia
2099 1469 2199 1528 ple—

2 1523 70 1610 ¹''.
280 1538 284 1547 ”
696 1545 796 1573 nam
831 1531 1068 1588 praedicat,
1108 1531 1444 1575 innumerabilia
1480 1540 1578 1574 sunt
1611 1532 1786 1574 Patrum
1815 1530 2062 1574 testimonia
2085 1546 2199 1588 quae

2 1584 69 1670 ⁰¹¹²
275 1634 294 1655 ‚·
697 1591 888 1649 Virginis
922 1593 1104 1650 gratiam
1140 1601 1181 1634 et
1220 1592 1502 1636 Sanctitatem
1528 1607 1666 1650 usque
1692 1608 1743 1634 eo
1765 1600 2043 1649 exaggerant,
2071 1598 2199 1649 atque

0 1643 69 1731 ’(1ὶῖ
697 1651 978 1709 amplificant,
1015 1662 1060 1696 ut
1097 1660 1259 1710 quanto
1291 1667 1314 1694 a
1342 1652 1510 1696 Christo
1544 1653 1704 1696 iustitia
1733 1652 1876 1702 distat,
1912 1661 2029 1696 tanto
2064 1660 2200 1695 caete-

0 1726 1 1731 *
60 1704 69 1731 ¹
278 1716 323 1735 ⁵
703 1712 760 1754 ris
788 1713 990 1756 omnibus
1028 1721 1217 1772 praestet
1257 1714 1548 1756 intervallo.-

0 1763 66 1854 ΤΕ
280 1822 302 1834 η
574 1772 649 1815 31.
687 1772 814 1827 Quod
854 1774 887 1817 si
929 1782 1015 1817 tam
1065 1774 1183 1817 liliati
1215 1774 1456 1818 devotionis
1490 1789 1615 1817 sensu
1656 1775 1789 1819 Serva
1833 1773 1916 1817 Dei
1964 1774 2202 1831 Deiparam

29 1823 73 1912 “i
697 1833 918 1892 Virginem
950 1850 1261 1895 usquequaque
1296 1844 1521 1892 prosecuta
1547 1836 1648 1894 quia
1683 1850 1807 1879 cansa
1836 1834 2013 1879 divinae
2046 1837 2199 1879 Mater-

31 1886 61 1972 {¹
283 1897 289 1949 ἶ
330 1899 332 1902 ’
695 1893 843 1937 nitatis
877 1896 971 1938 Deo
995 1896 1077 1954 lpsi
1108 1896 1300 1939 intimius
1333 1896 1587 1947 adhaerens,
1626 1897 1762 1955 Eique
1787 1895 1944 1940 idcireo
1978 1896 2073 1954 plus
2107 1911 2200 1939 cae-

48 1945 72 1973 ‘¹
281 1954 291 1994 ’ί
697 1955 798 1998 teris
839 1958 1044 2000 creaturis
1078 1956 1281 2008 Dilecta,
1335 1957 1391 2000 ad
1431 1957 1618 2016 reliquos
1668 1966 1811 2000 tamen
1866 1957 2039 2000 coelites
2087 1956 2201 2000 dicta

5 2006 72 2094 υιο
696 2016 835 2074 pietas
868 2024 910 2059 et
943 2017 1117 2061 devotio
1156 2033 1246 2061 sese
1281 2018 1495 2070 extendit,
1518 2018 1752 2076 praecipue
1788 2033 1890 2061 vero
1915 2018 2200 2060 castissimum

11 2069 16 2089 ¹
50 2066 75 2093 ⁰
699 2077 918 2135 Deiparae
951 2080 1167 2136 Sponsum
1200 2093 1333 2136 quem
1353 2080 1540 2122 maxima
1575 2094 1749 2136 semper
1781 2078 2087 2121 benevolentia
2106 2079 2202 2135 lpsa

13 2126 68 2155 ⁰¹¹
699 2145 761 2180 est
795 2147 1023 2195 prosecuta
1061 2154 1145 2182 non
1186 2139 1317 2182 modo
1356 2139 1414 2181 ob
1448 2139 1620 2182 intimas
1655 2139 1755 2182 Eius
1786 2154 1884 2181 eum
1924 2139 2100 2196 Virgine
2135 2154 2201 2182 re·

698 2196 895 2248 lationes,
932 2215 1083 2242 verum
1124 2199 1251 2242 etiam
1287 2200 1388 2256 quia
1413 2200 1557 2257 Ipsum
1598 2200 1641 2242 in
1674 2199 1865 2257 quadam
1889 2198 1997 2244 mira
2032 2199 2198 2242 visione

26 2246 75 2319 *fn
698 2257 960 2301 Canadensis
991 2259 1176 2316 regionis
1213 2260 1435 2302 custodem
1474 2267 1733 2316 agnoverat.
1768 2259 1906 2303 Testis
1944 2261 1984 2302 X
2006 2259 2195 2318 (Summ.

14 2308 77 2386 ’ζμ
704 2332 825 2360 num.
853 2319 928 2360 Vll
968 2334 1068 2376 pag.
1107 2319 1205 2377 75.)
1245 2339 1259 2357 ι
1285 2319 1363 2362 Fin
1408 2320 1520 2363 <latta
1559 2336 1633 2364 sua
1684 2321 1875 2378 puerizia
1929 2320 2015 2364 Elia
2065 2335 2202 2364 aveva

14 2368 77 2442 ’.Α
708 2398 724 2415 1>
750 2386 896 2421 amato
935 2385 1232 2422 teneramente
1254 2380 1339 2424 San
1375 2381 1596 2439 Giuseppe
1624 2399 1648 2425 a
1678 2382 1841 2425 motivo
1874 2381 1944 2425 dei
1977 2382 2071 2425 suoi
2104 2397 2199 2440 rap-

36 2427 77 2497 {n
704 2458 719 2476 n
750 2438 863 2496 porti
895 2454 975 2481 eon
1011 2439 1049 2482 la
1084 2441 1231 2483 Madre
1270 2440 1314 2484 di
1350 2441 1466 2493 Dio,
1509 2457 1580 2485 ma
1613 2442 1652 2486 la
1692 2459 1767 2485 sua
1806 2443 2035 2486 divozione
2080 2457 2202 2486 verso

38 2490 77 2516 δ’
704 2517 720 2536 υ
749 2506 905 2557 questo
940 2501 1072 2543 Santo
1103 2502 1321 2544 Patriarca
1355 2501 1399 2545 di
1433 2503 1564 2546 molto
1604 2504 1637 2546 si
1661 2504 1877 2547 aecrebbe
1900 2504 1954 2546 da
1982 2503 2083 2561 quel
2112 2517 2202 2546 mo-

22 2549 77 2621 ‘3',¹¹
705 2580 719 2597 n
749 2568 897 2602 mento
932 2560 974 2602 in
1010 2562 1075 2604 cui
1105 2562 1144 2605 le
1186 2578 1324 2605 venne
1364 2572 1571 2607 mostrato
1609 2580 1734 2608 come
1767 2564 1945 2608 custode
1980 2564 2095 2609 della
2128 2579 2203 2607 sua

25 2609 80 2637 ¹¹⁸
704 2640 719 2658 ι)
751 2628 862 2663 terra
901 2637 1123 2678 promessa
1153 2622 1223 2666 det
1258 2624 1448 2667 Canada.
1479 2645 1494 2663 u

27 2670 81 2759 ἲ
576 2681 653 2724 32.
692 2681 979 2725 Devotionem
1017 2699 1192 2742 quoque
1239 2701 1340 2742 erga
1377 2687 1420 2730 S.
1457 2686 1731 2730 Franciscum
1763 2702 1787 2729 a
1816 2686 1951 2729 Paula
1982 2701 2082 2729 cum
2117 2699 2204 2729 ma-

39 2791 80 2819 m
701 2751 822 2786 terno
858 2742 965 2786 laete
999 2744 1201 2788 hauserat
1236 2747 1367 2790 Serva
1406 2747 1486 2789 Dei
1518 2746 1875 2805 quandoquidem
1902 2747 1943 2789 in
1976 2762 2050 2790 sua
2082 2746 2205 2789 fami-

35 2852 83 2880 us
699 2803 754 2846 lia
787 2804 965 2846 maximi
999 2821 1170 2865 semper
1202 2806 1342 2850 dietus
1381 2809 1560 2852 Sanetus
1594 2808 1729 2851 fuerat
1755 2808 1944 2857 habitus,
1966 2816 2005 2851 et
2034 2808 2199 2866 pracci—

30 2897 83 2940 ὼ
698 2880 783 2923 puo
801 2864 995 2908 excultus
1024 2866 1251 2926 obsequio.
1275 2868 1436 2910 Eadem
1455 2869 1592 2912 Testis
1612 2867 1800 2927 (Summ.
1823 2868 1933 2912 ibid.
1956 2884 1997 2926 p.
2026 2869 2202 2928 75-76.)

703 2945 718 2963 α
750 2927 808 2968 La
846 2927 977 2970 Serva
1011 2927 1055 2971 di
1095 2929 1178 2972 Dio
1216 2928 1404 2972 vivendo
1433 2930 1507 2988 piu
1552 2930 1621 2973 nel
1655 2929 1774 2975 Cielo
1808 2931 1886 2973 che
1922 2930 2031 2974 neila
2067 2938 2197 2980 terra,

1932 3005 1958 3047 3
