<?xml version="1.0" encoding="UTF-8"?>
<!DOCTYPE html PUBLIC "-//W3C//DTD XHTML 1.0 Transitional//EN"
    "http://www.w3.org/TR/xhtml1/DTD/xhtml1-transitional.dtd">
<html xmlns="http://www.w3.org/1999/xhtml" xml:lang="en" lang="en">
 <head>
  <title>
</title>
<meta http-equiv="Content-Type" content="text/html;charset=utf-8" />
  <meta name='ocr-system' content='tesseract 3.04.00' />
  <meta name='ocr-capabilities' content='ocr_page ocr_carea ocr_par ocr_line ocrx_word'/>
</head>
<body>
  <div class='ocr_page' id='page_1' title='image "./cihm_27111_0514.png"; bbox 0 0 2640 3568; ppageno 0'>
   <div class='ocr_carea' id='block_1_1' title="bbox 203 2217 245 2280">
    <p class='ocr_par' dir='ltr' id='par_1_1' title="bbox 203 2217 245 2280">
     <span class='ocr_line' id='line_1_1' title="bbox 203 2217 245 2280; textangle 90"><span class='ocrx_word' id='word_1_1' title='bbox 204 2277 207 2280; x_wconf 73' lang='grc'>’</span> <span class='ocrx_word' id='word_1_2' title='bbox 203 2217 245 2242; x_wconf 56' lang='grc' dir='ltr'>ὲ</span> 
     </span>
    </p>
   </div>
   <div class='ocr_carea' id='block_1_2' title="bbox 443 216 2560 585">
    <p class='ocr_par' dir='ltr' id='par_1_2' title="bbox 2484 216 2507 259">
     <span class='ocr_line' id='line_1_2' title="bbox 2484 216 2507 259; baseline 0 0"><span class='ocrx_word' id='word_1_3' title='bbox 2484 216 2507 259; x_wconf 55' lang='grc' dir='ltr'><strong>ἤι’</strong></span> 
     </span>
    </p>

    <p class='ocr_par' dir='ltr' id='par_1_3' title="bbox 1905 248 2532 348">
     <span class='ocr_line' id='line_1_3' title="bbox 1905 248 2532 348; baseline -0.008 -30"><span class='ocrx_word' id='word_1_4' title='bbox 1905 275 1962 318; x_wconf 88' lang='grc'><strong>33</strong></span> <span class='ocrx_word' id='word_1_5' title='bbox 2467 248 2532 348; x_wconf 47' lang='grc' dir='ltr'><strong>33ῑῇ</strong></span> 
     </span>
    </p>

    <p class='ocr_par' dir='ltr' id='par_1_4' title="bbox 443 347 2560 585">
     <span class='ocr_line' id='line_1_4' title="bbox 445 347 2511 417; baseline -0.006 -14"><span class='ocrx_word' id='word_1_6' title='bbox 445 359 538 404; x_wconf 83' lang='lat' dir='ltr'><strong>deri</strong></span> <span class='ocrx_word' id='word_1_7' title='bbox 573 359 703 417; x_wconf 77' lang='lat' dir='ltr'><strong>possit</strong></span> <span class='ocrx_word' id='word_1_8' title='bbox 736 357 989 403; x_wconf 80' lang='lat' dir='ltr'><strong>huiusmodi</strong></span> <span class='ocrx_word' id='word_1_9' title='bbox 1012 356 1349 401; x_wconf 80' lang='lat' dir='ltr'><strong>redundantiam</strong></span> <span class='ocrx_word' id='word_1_10' title='bbox 1373 355 1621 414; x_wconf 78' lang='lat' dir='ltr'>dispositam</span> <span class='ocrx_word' id='word_1_11' title='bbox 1647 354 1778 398; x_wconf 84' lang='lat' dir='ltr'><strong>fuisse</strong></span> <span class='ocrx_word' id='word_1_12' title='bbox 1811 353 1865 397; x_wconf 88' lang='lat' dir='ltr'><strong>ad</strong></span> <span class='ocrx_word' id='word_1_13' title='bbox 1899 353 1964 396; x_wconf 86' lang='lat' dir='ltr'><strong>in·</strong></span> <span class='ocrx_word' id='word_1_14' title='bbox 2432 369 2434 374; x_wconf 63' lang='lat'>=</span> <span class='ocrx_word' id='word_1_15' title='bbox 2468 347 2511 390; x_wconf 92' lang='lat' dir='ltr'><strong>F·-</strong></span> 
     </span>
     <span class='ocr_line' id='line_1_5' title="bbox 444 415 2525 485; baseline -0.005 -21"><span class='ocrx_word' id='word_1_16' title='bbox 444 419 707 478; x_wconf 85' lang='lat' dir='ltr'><strong>culpabilem</strong></span> <span class='ocrx_word' id='word_1_17' title='bbox 730 422 957 485; x_wconf 89' lang='lat' dir='ltr'><strong>Processus</strong></span> <span class='ocrx_word' id='word_1_18' title='bbox 982 417 1231 461; x_wconf 73' lang='lat' dir='ltr'><strong>tarditatem</strong></span> <span class='ocrx_word' id='word_1_19' title='bbox 1264 415 1645 485; x_wconf 80' lang='lat' dir='ltr'><strong>compensandam.</strong></span> <span class='ocrx_word' id='word_1_20' title='bbox 1669 416 1832 459; x_wconf 87' lang='lat' dir='ltr'><strong>Verum</strong></span> <span class='ocrx_word' id='word_1_21' title='bbox 1866 426 1963 483; x_wconf 76' lang='lat' dir='ltr'><strong>cum</strong></span> <span class='ocrx_word' id='word_1_22' title='bbox 2466 433 2525 485; x_wconf 76' lang='lat'><strong>33</strong></span> 
     </span>
     <span class='ocr_line' id='line_1_6' title="bbox 443 474 2536 538; baseline -0.006 -13"><span class='ocrx_word' id='word_1_23' title='bbox 443 482 631 525; x_wconf 89' lang='lat' dir='ltr'><strong>Censore</strong></span> <span class='ocrx_word' id='word_1_24' title='bbox 664 489 807 525; x_wconf 78' lang='lat' dir='ltr'><strong>nost-ro</strong></span> <span class='ocrx_word' id='word_1_25' title='bbox 840 478 1122 523; x_wconf 85' lang='lat' dir='ltr'><strong>solertissimo</strong></span> <span class='ocrx_word' id='word_1_26' title='bbox 1156 493 1209 520; x_wconf 88' lang='lat' dir='ltr'><strong>ex</strong></span> <span class='ocrx_word' id='word_1_27' title='bbox 1242 477 1577 521; x_wconf 76' lang='lat' dir='ltr'><strong>probationibus</strong></span> <span class='ocrx_word' id='word_1_28' title='bbox 1610 476 1795 535; x_wconf 75' lang='lat' dir='ltr'><strong>gradum</strong></span> <span class='ocrx_word' id='word_1_29' title='bbox 1830 474 1966 518; x_wconf 78' lang='lat' dir='ltr'><strong>lacla-</strong></span> <span class='ocrx_word' id='word_1_30' title='bbox 2467 474 2536 538; x_wconf 51' lang='grc' dir='ltr'><strong>,ἐξ</strong></span> 
     </span>
     <span class='ocr_line' id='line_1_7' title="bbox 448 540 2560 585; baseline -0.008 0"><span class='ocrx_word' id='word_1_31' title='bbox 448 555 545 585; x_wconf 88' lang='lat' dir='ltr'><strong>mus</strong></span> <span class='ocrx_word' id='word_1_32' title='bbox 578 541 633 585; x_wconf 91' lang='lat' dir='ltr'><strong>ad</strong></span> <span class='ocrx_word' id='word_1_33' title='bbox 2468 540 2560 577; x_wconf 48' lang='lat'><strong>2212·</strong></span> 
     </span>
    </p>
   </div>
   <div class='ocr_carea' id='block_1_3' title="bbox 880 624 2533 786">
    <p class='ocr_par' dir='ltr' id='par_1_5' title="bbox 880 624 2533 786">
     <span class='ocr_line' id='line_1_8' title="bbox 940 624 1459 669; baseline -0.006 0"><span class='ocrx_word' id='word_1_34' title='bbox 940 625 1126 669; x_wconf 81' lang='lat' dir='ltr'><strong>CAPUT</strong></span> <span class='ocrx_word' id='word_1_35' title='bbox 1160 624 1459 668; x_wconf 88' lang='lat' dir='ltr'><strong>SECUNDUM</strong></span> 
     </span>
     <span class='ocr_line' id='line_1_9' title="bbox 880 726 2533 786; baseline -0.008 -7"><span class='ocrx_word' id='word_1_36' title='bbox 880 729 957 779; x_wconf 86' lang='lat' dir='ltr'><strong>De</strong></span> <span class='ocrx_word' id='word_1_37' title='bbox 999 728 1163 778; x_wconf 81' lang='lat' dir='ltr'><strong>Fama</strong></span> <span class='ocrx_word' id='word_1_38' title='bbox 1204 726 1532 778; x_wconf 41' lang='lat' dir='ltr'><strong>Sanctitate&amp;</strong></span> <span class='ocrx_word' id='word_1_39' title='bbox 2484 726 2533 786; x_wconf 62' lang='lat'><strong>‚2²32</strong></span> 
     </span>
    </p>
   </div>
   <div class='ocr_carea' id='block_1_4' title="bbox 444 809 2601 2965">
    <p class='ocr_par' dir='ltr' id='par_1_6' title="bbox 444 809 2588 1329">
     <span class='ocr_line' id='line_1_10' title="bbox 565 809 2536 906; baseline -0.003 -14"><span class='ocrx_word' id='word_1_40' title='bbox 565 850 641 894; x_wconf 86' lang='lat'><strong>50.</strong></span> <span class='ocrx_word' id='word_1_41' title='bbox 662 849 761 892; x_wconf 88' lang='lat' dir='ltr'><strong>Post</strong></span> <span class='ocrx_word' id='word_1_42' title='bbox 777 848 1092 906; x_wconf 80' lang='lat' dir='ltr'><strong>impugnatam,</strong></span> <span class='ocrx_word' id='word_1_43' title='bbox 1109 846 1209 891; x_wconf 75' lang='lat' dir='ltr'><strong>licet</strong></span> <span class='ocrx_word' id='word_1_44' title='bbox 1230 846 1458 899; x_wconf 68' lang='lat' dir='ltr'><strong>incassum,</strong></span> <span class='ocrx_word' id='word_1_45' title='bbox 1475 850 1757 891; x_wconf 77' lang='lat' dir='ltr'><strong>processuum</strong></span> <span class='ocrx_word' id='word_1_46' title='bbox 1784 847 1968 891; x_wconf 88' lang='lat' dir='ltr'><strong>Ordina-</strong></span> <span class='ocrx_word' id='word_1_47' title='bbox 2486 881 2491 887; x_wconf 86' lang='lat'>.</span> <span class='ocrx_word' id='word_1_48' title='bbox 2515 809 2536 896; x_wconf 93' lang='lat' dir='ltr'>F</span> 
     </span>
     <span class='ocr_line' id='line_1_11' title="bbox 444 907 2538 967; baseline -0 -14"><span class='ocrx_word' id='word_1_49' title='bbox 444 910 607 953; x_wconf 90' lang='lat' dir='ltr'><strong>riorum</strong></span> <span class='ocrx_word' id='word_1_50' title='bbox 644 909 1000 965; x_wconf 87' lang='lat' dir='ltr'><strong>Quebecensium</strong></span> <span class='ocrx_word' id='word_1_51' title='bbox 1024 907 1310 959; x_wconf 82' lang='lat' dir='ltr'><strong>validitatem,</strong></span> <span class='ocrx_word' id='word_1_52' title='bbox 1331 918 1509 952; x_wconf 87' lang='lat' dir='ltr'><strong>conatur</strong></span> <span class='ocrx_word' id='word_1_53' title='bbox 1530 908 1817 951; x_wconf 80' lang='lat' dir='ltr'><strong>Adversarius</strong></span> <span class='ocrx_word' id='word_1_54' title='bbox 1847 924 1971 966; x_wconf 86' lang='lat' dir='ltr'><strong>prae·</strong></span> <span class='ocrx_word' id='word_1_55' title='bbox 2534 947 2538 967; x_wconf 63' lang='lat'><em>3</em></span> 
     </span>
     <span class='ocr_line' id='line_1_12' title="bbox 448 968 1968 1027; baseline -0.002 -13"><span class='ocrx_word' id='word_1_56' title='bbox 448 970 735 1014; x_wconf 90' lang='lat' dir='ltr'><strong>stantissimus</strong></span> <span class='ocrx_word' id='word_1_57' title='bbox 778 969 1043 1013; x_wconf 88' lang='lat' dir='ltr'><strong>Eorumdem</strong></span> <span class='ocrx_word' id='word_1_58' title='bbox 1087 968 1367 1011; x_wconf 88' lang='lat' dir='ltr'><strong>relevantiam</strong></span> <span class='ocrx_word' id='word_1_59' title='bbox 1412 968 1642 1027; x_wconf 83' lang='lat' dir='ltr'><strong>impetere.</strong></span> <span class='ocrx_word' id='word_1_60' title='bbox 1679 970 1731 1011; x_wconf 91' lang='lat' dir='ltr'><strong>Et</strong></span> <span class='ocrx_word' id='word_1_61' title='bbox 1763 969 1968 1027; x_wconf 86' lang='lat' dir='ltr'><strong>quoniam</strong></span> 
     </span>
     <span class='ocr_line' id='line_1_13' title="bbox 447 1027 1970 1087; baseline -0.001 -14"><span class='ocrx_word' id='word_1_62' title='bbox 447 1030 570 1074; x_wconf 88' lang='lat' dir='ltr'><strong>Idem</strong></span> <span class='ocrx_word' id='word_1_63' title='bbox 606 1031 648 1072; x_wconf 91' lang='lat' dir='ltr'><strong>in</strong></span> <span class='ocrx_word' id='word_1_64' title='bbox 681 1044 757 1072; x_wconf 91' lang='lat' dir='ltr'><strong>sua</strong></span> <span class='ocrx_word' id='word_1_65' title='bbox 790 1029 1020 1086; x_wconf 83' lang='lat' dir='ltr'><strong>sagacitate</strong></span> <span class='ocrx_word' id='word_1_66' title='bbox 1053 1028 1269 1085; x_wconf 81' lang='lat' dir='ltr'><strong>cognoscit</strong></span> <span class='ocrx_word' id='word_1_67' title='bbox 1317 1027 1489 1072; x_wconf 83' lang='lat' dir='ltr'><strong>difficile</strong></span> <span class='ocrx_word' id='word_1_68' title='bbox 1522 1029 1601 1072; x_wconf 86' lang='lat' dir='ltr'><strong>hoc</strong></span> <span class='ocrx_word' id='word_1_69' title='bbox 1632 1044 1723 1072; x_wconf 89' lang='lat' dir='ltr'><strong>esse</strong></span> <span class='ocrx_word' id='word_1_70' title='bbox 1757 1045 1891 1087; x_wconf 85' lang='lat' dir='ltr'><strong>opus,</strong></span> <span class='ocrx_word' id='word_1_71' title='bbox 1928 1037 1970 1072; x_wconf 89' lang='lat' dir='ltr'><strong>et</strong></span> 
     </span>
     <span class='ocr_line' id='line_1_14' title="bbox 446 1088 2554 1144; baseline -0.001 -10"><span class='ocrx_word' id='word_1_72' title='bbox 446 1090 638 1134; x_wconf 86' lang='lat' dir='ltr'><strong>maxime</strong></span> <span class='ocrx_word' id='word_1_73' title='bbox 681 1088 899 1140; x_wconf 91' lang='lat' dir='ltr'><strong>arduum,</strong></span> <span class='ocrx_word' id='word_1_74' title='bbox 936 1088 1036 1131; x_wconf 86' lang='lat' dir='ltr'><strong>hine</strong></span> <span class='ocrx_word' id='word_1_75' title='bbox 1085 1096 1193 1131; x_wconf 83' lang='lat' dir='ltr'><strong>totas</strong></span> <span class='ocrx_word' id='word_1_76' title='bbox 1244 1088 1404 1144; x_wconf 76' lang='lat' dir='ltr'><strong>ingenii</strong></span> <span class='ocrx_word' id='word_1_77' title='bbox 1452 1090 1517 1132; x_wconf 90' lang='lat' dir='ltr'><strong>sui</strong></span> <span class='ocrx_word' id='word_1_78' title='bbox 1569 1089 1678 1132; x_wconf 84' lang='lat' dir='ltr'><strong>vires</strong></span> <span class='ocrx_word' id='word_1_79' title='bbox 1725 1091 1890 1139; x_wconf 89' lang='lat' dir='ltr'><strong>exerit,</strong></span> <span class='ocrx_word' id='word_1_80' title='bbox 1929 1097 1971 1133; x_wconf 90' lang='lat' dir='ltr'><strong>et</strong></span> <span class='ocrx_word' id='word_1_81' title='bbox 2538 1097 2554 1114; x_wconf 56' lang='lat'><strong>¹*</strong></span> 
     </span>
     <span class='ocr_line' id='line_1_15' title="bbox 449 1148 2562 1208; baseline -0 -14"><span class='ocrx_word' id='word_1_82' title='bbox 449 1151 568 1194; x_wconf 90' lang='lat' dir='ltr'><strong>omni</strong></span> <span class='ocrx_word' id='word_1_83' title='bbox 604 1150 744 1193; x_wconf 91' lang='lat' dir='ltr'><strong>studio</strong></span> <span class='ocrx_word' id='word_1_84' title='bbox 788 1156 1006 1208; x_wconf 82' lang='lat' dir='ltr'><strong>pertentat</strong></span> <span class='ocrx_word' id='word_1_85' title='bbox 1058 1149 1123 1191; x_wconf 89' lang='lat' dir='ltr'><strong>vel</strong></span> <span class='ocrx_word' id='word_1_86' title='bbox 1159 1164 1182 1190; x_wconf 92' lang='lat' dir='ltr'><strong>a</strong></span> <span class='ocrx_word' id='word_1_87' title='bbox 1216 1148 1508 1193; x_wconf 82' lang='lat' dir='ltr'><strong>fundamentis</strong></span> <span class='ocrx_word' id='word_1_88' title='bbox 1540 1149 1676 1192; x_wconf 87' lang='lat' dir='ltr'><strong>dictae</strong></span> <span class='ocrx_word' id='word_1_89' title='bbox 1726 1149 1971 1195; x_wconf 81' lang='lat' dir='ltr'><strong>Sanctitatis</strong></span> <span class='ocrx_word' id='word_1_90' title='bbox 2559 1203 2562 1206; x_wconf 73' lang='lat'>.</span> 
     </span>
     <span class='ocr_line' id='line_1_16' title="bbox 447 1207 2588 1255; baseline 0 -1"><span class='ocrx_word' id='word_1_91' title='bbox 447 1213 628 1255; x_wconf 83' lang='lat' dir='ltr'><strong>Famam</strong></span> <span class='ocrx_word' id='word_1_92' title='bbox 660 1211 790 1253; x_wconf 90' lang='lat' dir='ltr'><strong>relate</strong></span> <span class='ocrx_word' id='word_1_93' title='bbox 824 1211 880 1254; x_wconf 89' lang='lat' dir='ltr'><strong>ad</strong></span> <span class='ocrx_word' id='word_1_94' title='bbox 912 1209 1137 1252; x_wconf 88' lang='lat' dir='ltr'><strong>Famulam</strong></span> <span class='ocrx_word' id='word_1_95' title='bbox 1176 1208 1255 1252; x_wconf 89' lang='lat' dir='ltr'><strong>Dei</strong></span> <span class='ocrx_word' id='word_1_96' title='bbox 1290 1210 1491 1253; x_wconf 87' lang='lat' dir='ltr'><strong>Sororem</strong></span> <span class='ocrx_word' id='word_1_97' title='bbox 1528 1210 1704 1254; x_wconf 86' lang='lat' dir='ltr'><strong>Mariam</strong></span> <span class='ocrx_word' id='word_1_98' title='bbox 1740 1210 1796 1253; x_wconf 91' lang='lat' dir='ltr'><strong>ab</strong></span> <span class='ocrx_word' id='word_1_99' title='bbox 1830 1211 1972 1253; x_wconf 88' lang='lat' dir='ltr'><strong>Incar-</strong></span> <span class='ocrx_word' id='word_1_100' title='bbox 2512 1239 2513 1242; x_wconf 61' lang='lat'><em>=</em></span> <span class='ocrx_word' id='word_1_101' title='bbox 2542 1207 2588 1254; x_wconf 63' lang='lat'><strong>§.3³¹1</strong></span> 
     </span>
     <span class='ocr_line' id='line_1_17' title="bbox 450 1270 1967 1329; baseline -0.001 -15"><span class='ocrx_word' id='word_1_102' title='bbox 450 1271 625 1314; x_wconf 88' lang='lat' dir='ltr'><strong>natione</strong></span> <span class='ocrx_word' id='word_1_103' title='bbox 650 1273 820 1328; x_wconf 88' lang='lat' dir='ltr'><strong>penitus</strong></span> <span class='ocrx_word' id='word_1_104' title='bbox 853 1271 1240 1314; x_wconf 86' lang='lat' dir='ltr'><strong>evertere.Verum</strong></span> <span class='ocrx_word' id='word_1_105' title='bbox 1263 1276 1305 1312; x_wconf 82' lang='lat' dir='ltr'><strong>et</strong></span> <span class='ocrx_word' id='word_1_106' title='bbox 1329 1270 1408 1313; x_wconf 77' lang='lat' dir='ltr'><strong>lioc</strong></span> <span class='ocrx_word' id='word_1_107' title='bbox 1431 1270 1551 1313; x_wconf 87' lang='lat' dir='ltr'><strong>irrito</strong></span> <span class='ocrx_word' id='word_1_108' title='bbox 1585 1286 1759 1329; x_wconf 90' lang='lat' dir='ltr'><strong>prorsus</strong></span> <span class='ocrx_word' id='word_1_109' title='bbox 1792 1278 1967 1313; x_wconf 88' lang='lat' dir='ltr'><strong>conatu.</strong></span> 
     </span>
    </p>

    <p class='ocr_par' dir='ltr' id='par_1_7' title="bbox 446 1322 2597 1933">
     <span class='ocr_line' id='line_1_18' title="bbox 450 1322 2590 1446; baseline -0.001 -71"><span class='ocrx_word' id='word_1_110' title='bbox 450 1334 589 1375; x_wconf 87' lang='lat' dir='ltr'><strong>Tanta</strong></span> <span class='ocrx_word' id='word_1_111' title='bbox 612 1332 827 1390; x_wconf 87' lang='lat' dir='ltr'><strong>siquidem</strong></span> <span class='ocrx_word' id='word_1_112' title='bbox 851 1331 944 1374; x_wconf 84' lang='lat' dir='ltr'><strong>luce</strong></span> <span class='ocrx_word' id='word_1_113' title='bbox 970 1330 1132 1387; x_wconf 80' lang='lat' dir='ltr'><strong>integra</strong></span> <span class='ocrx_word' id='word_1_114' title='bbox 1167 1329 1248 1371; x_wconf 89' lang='lat' dir='ltr'><strong>Dei</strong></span> <span class='ocrx_word' id='word_1_115' title='bbox 1281 1331 1488 1374; x_wconf 85' lang='lat' dir='ltr'><strong>Famulae</strong></span> <span class='ocrx_word' id='word_1_116' title='bbox 1515 1331 1601 1374; x_wconf 78' lang='lat' dir='ltr'><strong>vita</strong></span> <span class='ocrx_word' id='word_1_117' title='bbox 1625 1346 1854 1389; x_wconf 86' lang='lat' dir='ltr'><strong>conspersa</strong></span> <span class='ocrx_word' id='word_1_118' title='bbox 1890 1338 1969 1382; x_wconf 85' lang='lat' dir='ltr'><strong>est,</strong></span> <span class='ocrx_word' id='word_1_119' title='bbox 2571 1322 2590 1446; x_wconf 32' lang='grc' dir='ltr'>ἦ</span> 
     </span>
     <span class='ocr_line' id='line_1_19' title="bbox 451 1390 2566 1449; baseline -0 -14"><span class='ocrx_word' id='word_1_120' title='bbox 451 1400 497 1436; x_wconf 90' lang='lat' dir='ltr'><strong>ut</strong></span> <span class='ocrx_word' id='word_1_121' title='bbox 523 1392 638 1435; x_wconf 91' lang='lat' dir='ltr'><strong>illius</strong></span> <span class='ocrx_word' id='word_1_122' title='bbox 671 1391 777 1435; x_wconf 89' lang='lat' dir='ltr'><strong>radii</strong></span> <span class='ocrx_word' id='word_1_123' title='bbox 813 1407 866 1434; x_wconf 86' lang='lat' dir='ltr'><strong>ex</strong></span> <span class='ocrx_word' id='word_1_124' title='bbox 899 1390 1102 1434; x_wconf 86' lang='lat' dir='ltr'><strong>Ameriea</strong></span> <span class='ocrx_word' id='word_1_125' title='bbox 1134 1390 1472 1447; x_wconf 75' lang='lat' dir='ltr'><strong>septentrionali</strong></span> <span class='ocrx_word' id='word_1_126' title='bbox 1497 1390 1551 1434; x_wconf 69' lang='lat' dir='ltr'><strong>ad</strong></span> <span class='ocrx_word' id='word_1_127' title='bbox 1576 1393 1796 1449; x_wconf 85' lang='lat' dir='ltr'><strong>Europam</strong></span> <span class='ocrx_word' id='word_1_128' title='bbox 1833 1406 1969 1449; x_wconf 91' lang='lat' dir='ltr'><strong>usque</strong></span> <span class='ocrx_word' id='word_1_129' title='bbox 2517 1394 2566 1426; x_wconf 47' lang='lat' dir='ltr'><strong>«a</strong></span> 
     </span>
     <span class='ocr_line' id='line_1_20' title="bbox 446 1449 2593 1511; baseline 0 -16"><span class='ocrx_word' id='word_1_130' title='bbox 446 1452 748 1511; x_wconf 81' lang='lat' dir='ltr'><strong>pertingerint,</strong></span> <span class='ocrx_word' id='word_1_131' title='bbox 775 1460 819 1495; x_wconf 87' lang='lat' dir='ltr'><strong>et</strong></span> <span class='ocrx_word' id='word_1_132' title='bbox 852 1450 1054 1501; x_wconf 86' lang='lat' dir='ltr'><strong>Galliam,</strong></span> <span class='ocrx_word' id='word_1_133' title='bbox 1081 1449 1264 1499; x_wconf 87' lang='lat' dir='ltr'><strong>ltaliam,</strong></span> <span class='ocrx_word' id='word_1_134' title='bbox 1287 1452 1821 1510; x_wconf 68' lang='lat' dir='ltr'><strong>Angiiam,Germaniam,</strong></span> <span class='ocrx_word' id='word_1_135' title='bbox 1849 1452 1974 1495; x_wconf 87' lang='lat' dir='ltr'><strong>alias·</strong></span> <span class='ocrx_word' id='word_1_136' title='bbox 2581 1450 2593 1475; x_wconf 63' lang='lat' dir='ltr'>s</span> 
     </span>
     <span class='ocr_line' id='line_1_21' title="bbox 449 1511 2593 1572; baseline -0 -15"><span class='ocrx_word' id='word_1_137' title='bbox 449 1528 535 1571; x_wconf 90' lang='lat' dir='ltr'><strong>que</strong></span> <span class='ocrx_word' id='word_1_138' title='bbox 558 1512 816 1570; x_wconf 81' lang='lat' dir='ltr'><strong>provincias,</strong></span> <span class='ocrx_word' id='word_1_139' title='bbox 844 1519 886 1555; x_wconf 90' lang='lat' dir='ltr'><strong>et</strong></span> <span class='ocrx_word' id='word_1_140' title='bbox 908 1511 1082 1556; x_wconf 91' lang='lat' dir='ltr'><strong>diversa</strong></span> <span class='ocrx_word' id='word_1_141' title='bbox 1103 1525 1239 1568; x_wconf 85' lang='lat' dir='ltr'><strong>regna</strong></span> <span class='ocrx_word' id='word_1_142' title='bbox 1263 1513 1544 1568; x_wconf 85' lang='lat' dir='ltr'><strong>pervaserint.</strong></span> <span class='ocrx_word' id='word_1_143' title='bbox 1570 1513 1675 1556; x_wconf 91' lang='lat' dir='ltr'><strong>llinc</strong></span> <span class='ocrx_word' id='word_1_144' title='bbox 1711 1529 1816 1571; x_wconf 87' lang='lat' dir='ltr'><strong>pace</strong></span> <span class='ocrx_word' id='word_1_145' title='bbox 1850 1513 1970 1556; x_wconf 88' lang='lat' dir='ltr'><strong>Eius·</strong></span> <span class='ocrx_word' id='word_1_146' title='bbox 2584 1540 2593 1572; x_wconf 65' lang='lat' dir='ltr'><em>g</em></span> 
     </span>
     <span class='ocr_line' id='line_1_22' title="bbox 449 1571 1971 1630; baseline -0 -13"><span class='ocrx_word' id='word_1_147' title='bbox 449 1573 551 1617; x_wconf 91' lang='lat' dir='ltr'><strong>dem</strong></span> <span class='ocrx_word' id='word_1_148' title='bbox 585 1574 782 1618; x_wconf 86' lang='lat' dir='ltr'><strong>Censoris</strong></span> <span class='ocrx_word' id='word_1_149' title='bbox 815 1573 976 1623; x_wconf 90' lang='lat' dir='ltr'><strong>dicam,</strong></span> <span class='ocrx_word' id='word_1_150' title='bbox 1008 1572 1124 1630; x_wconf 92' lang='lat' dir='ltr'><strong>quod</strong></span> <span class='ocrx_word' id='word_1_151' title='bbox 1157 1571 1191 1614; x_wconf 88' lang='lat' dir='ltr'><strong>si</strong></span> <span class='ocrx_word' id='word_1_152' title='bbox 1224 1572 1465 1616; x_wconf 75' lang='lat' dir='ltr'><strong>sanctitatis</strong></span> <span class='ocrx_word' id='word_1_153' title='bbox 1507 1575 1641 1616; x_wconf 90' lang='lat' dir='ltr'><strong>Fama</strong></span> <span class='ocrx_word' id='word_1_154' title='bbox 1676 1574 1719 1616; x_wconf 91' lang='lat' dir='ltr'><strong>in</strong></span> <span class='ocrx_word' id='word_1_155' title='bbox 1758 1574 1971 1630; x_wconf 83' lang='lat' dir='ltr'><strong>praesenti</strong></span> 
     </span>
     <span class='ocr_line' id='line_1_23' title="bbox 448 1632 1976 1692; baseline -0.001 -14"><span class='ocrx_word' id='word_1_156' title='bbox 448 1635 585 1678; x_wconf 87' lang='lat' dir='ltr'><strong>Causa</strong></span> <span class='ocrx_word' id='word_1_157' title='bbox 621 1633 763 1691; x_wconf 89' lang='lat' dir='ltr'><strong>plene,</strong></span> <span class='ocrx_word' id='word_1_158' title='bbox 800 1641 844 1676; x_wconf 89' lang='lat' dir='ltr'><strong>et</strong></span> <span class='ocrx_word' id='word_1_159' title='bbox 876 1632 1186 1677; x_wconf 85' lang='lat' dir='ltr'><strong>concludenter</strong></span> <span class='ocrx_word' id='word_1_160' title='bbox 1236 1646 1320 1675; x_wconf 93' lang='lat' dir='ltr'><strong>non</strong></span> <span class='ocrx_word' id='word_1_161' title='bbox 1357 1634 1595 1691; x_wconf 89' lang='lat' dir='ltr'><strong>probatur,</strong></span> <span class='ocrx_word' id='word_1_162' title='bbox 1632 1642 1736 1691; x_wconf 88' lang='lat' dir='ltr'><strong>puto</strong></span> <span class='ocrx_word' id='word_1_163' title='bbox 1771 1634 1976 1692; x_wconf 89' lang='lat' dir='ltr'><strong>equidem</strong></span> 
     </span>
     <span class='ocr_line' id='line_1_24' title="bbox 449 1686 2594 1752; baseline 0 -15"><span class='ocrx_word' id='word_1_164' title='bbox 449 1694 566 1752; x_wconf 90' lang='lat' dir='ltr'><strong>quod</strong></span> <span class='ocrx_word' id='word_1_165' title='bbox 601 1694 645 1737; x_wconf 89' lang='lat' dir='ltr'><strong>in</strong></span> <span class='ocrx_word' id='word_1_166' title='bbox 680 1694 799 1737; x_wconf 87' lang='lat' dir='ltr'><strong>nulla</strong></span> <span class='ocrx_word' id='word_1_167' title='bbox 849 1693 931 1737; x_wconf 88' lang='lat' dir='ltr'><strong>alia</strong></span> <span class='ocrx_word' id='word_1_168' title='bbox 983 1693 1142 1751; x_wconf 87' lang='lat' dir='ltr'><strong>poterit</strong></span> <span class='ocrx_word' id='word_1_169' title='bbox 1193 1707 1385 1751; x_wconf 91' lang='lat' dir='ltr'><strong>unquam</strong></span> <span class='ocrx_word' id='word_1_170' title='bbox 1436 1694 1696 1737; x_wconf 90' lang='lat' dir='ltr'><strong>luculentius</strong></span> <span class='ocrx_word' id='word_1_171' title='bbox 1734 1703 1776 1737; x_wconf 88' lang='lat' dir='ltr'><strong>et</strong></span> <span class='ocrx_word' id='word_1_172' title='bbox 1810 1694 1977 1737; x_wconf 85' lang='lat' dir='ltr'><strong>firmius</strong></span> <span class='ocrx_word' id='word_1_173' title='bbox 2586 1686 2594 1737; x_wconf 76' lang='lat' dir='ltr'>F</span> 
     </span>
     <span class='ocr_line' id='line_1_25' title="bbox 449 1738 2596 1813; baseline 0 -15"><span class='ocrx_word' id='word_1_174' title='bbox 449 1753 645 1813; x_wconf 89' lang='lat' dir='ltr'><strong>probari,</strong></span> <span class='ocrx_word' id='word_1_175' title='bbox 672 1762 802 1812; x_wconf 86' lang='lat' dir='ltr'><strong>atque</strong></span> <span class='ocrx_word' id='word_1_176' title='bbox 837 1754 998 1798; x_wconf 87' lang='lat' dir='ltr'><strong>idcirco</strong></span> <span class='ocrx_word' id='word_1_177' title='bbox 1021 1752 1310 1798; x_wconf 82' lang='lat' dir='ltr'><strong>Adversarius</strong></span> <span class='ocrx_word' id='word_1_178' title='bbox 1346 1763 1487 1797; x_wconf 88' lang='lat' dir='ltr'><strong>noster</strong></span> <span class='ocrx_word' id='word_1_179' title='bbox 1531 1756 1609 1797; x_wconf 88' lang='lat' dir='ltr'><strong>hac</strong></span> <span class='ocrx_word' id='word_1_180' title='bbox 1642 1755 1684 1798; x_wconf 92' lang='lat' dir='ltr'><strong>in</strong></span> <span class='ocrx_word' id='word_1_181' title='bbox 1718 1771 1792 1805; x_wconf 90' lang='lat' dir='ltr'><strong>re,</strong></span> <span class='ocrx_word' id='word_1_182' title='bbox 1827 1756 1974 1798; x_wconf 89' lang='lat' dir='ltr'><strong>oleum</strong></span> <span class='ocrx_word' id='word_1_183' title='bbox 2588 1738 2596 1812; x_wconf 84' lang='lat' dir='ltr'>F</span> 
     </span>
     <span class='ocr_line' id='line_1_26' title="bbox 449 1812 2597 1874; baseline 0 -16"><span class='ocrx_word' id='word_1_184' title='bbox 449 1823 492 1858; x_wconf 90' lang='lat' dir='ltr'><strong>et</strong></span> <span class='ocrx_word' id='word_1_185' title='bbox 514 1831 621 1873; x_wconf 91' lang='lat' dir='ltr'><strong>opus</strong></span> <span class='ocrx_word' id='word_1_186' title='bbox 646 1814 884 1872; x_wconf 83' lang='lat' dir='ltr'><strong>perdidisse</strong></span> <span class='ocrx_word' id='word_1_187' title='bbox 908 1814 1101 1858; x_wconf 89' lang='lat' dir='ltr'><strong>videtur.</strong></span> <span class='ocrx_word' id='word_1_188' title='bbox 1129 1812 1216 1859; x_wconf 90' lang='lat' dir='ltr'><strong>Sed</strong></span> <span class='ocrx_word' id='word_1_189' title='bbox 1245 1815 1469 1859; x_wconf 85' lang='lat' dir='ltr'><strong>audiamus</strong></span> <span class='ocrx_word' id='word_1_190' title='bbox 1492 1814 1598 1874; x_wconf 90' lang='lat' dir='ltr'><strong>quid</strong></span> <span class='ocrx_word' id='word_1_191' title='bbox 1632 1823 1782 1859; x_wconf 90' lang='lat' dir='ltr'><strong>eontra</strong></span> <span class='ocrx_word' id='word_1_192' title='bbox 1816 1815 1975 1858; x_wconf 90' lang='lat' dir='ltr'><strong>dictam</strong></span> <span class='ocrx_word' id='word_1_193' title='bbox 2590 1815 2597 1874; x_wconf 77' lang='lat' dir='ltr'>F</span> 
     </span>
     <span class='ocr_line' id='line_1_27' title="bbox 453 1876 1154 1933; baseline -0.003 -14"><span class='ocrx_word' id='word_1_194' title='bbox 453 1876 701 1921; x_wconf 89' lang='lat' dir='ltr'><strong>Sanctitatis</strong></span> <span class='ocrx_word' id='word_1_195' title='bbox 731 1876 909 1919; x_wconf 88' lang='lat' dir='ltr'><strong>Famam</strong></span> <span class='ocrx_word' id='word_1_196' title='bbox 942 1883 1154 1933; x_wconf 88' lang='lat' dir='ltr'><strong>opponat.</strong></span> 
     </span>
    </p>

    <p class='ocr_par' dir='ltr' id='par_1_8' title="bbox 451 1891 2601 2298">
     <span class='ocr_line' id='line_1_28' title="bbox 572 1891 2601 1993; baseline 0.003 -15"><span class='ocrx_word' id='word_1_197' title='bbox 572 1937 648 1979; x_wconf 77' lang='lat'><strong>5¹1.</strong></span> <span class='ocrx_word' id='word_1_198' title='bbox 686 1937 736 1978; x_wconf 89' lang='lat' dir='ltr'><strong>Et</strong></span> <span class='ocrx_word' id='word_1_199' title='bbox 769 1937 913 1993; x_wconf 89' lang='lat' dir='ltr'><strong>primo</strong></span> <span class='ocrx_word' id='word_1_200' title='bbox 953 1935 1208 1979; x_wconf 85' lang='lat' dir='ltr'><strong>auctoritate</strong></span> <span class='ocrx_word' id='word_1_201' title='bbox 1256 1937 1300 1980; x_wconf 89' lang='lat' dir='ltr'><strong>S.</strong></span> <span class='ocrx_word' id='word_1_202' title='bbox 1338 1936 1556 1980; x_wconf 79' lang='lat' dir='ltr'><strong>pontilicis</strong></span> <span class='ocrx_word' id='word_1_203' title='bbox 1605 1937 1830 1980; x_wconf 89' lang='lat' dir='ltr'><strong>Benedicti</strong></span> <span class='ocrx_word' id='word_1_204' title='bbox 1867 1938 1967 1980; x_wconf 92' lang='lat' dir='ltr'><strong>XlV</strong></span> <span class='ocrx_word' id='word_1_205' title='bbox 2000 1939 2204 1984; x_wconf 82' lang='lat' dir='ltr'><strong>Animad.</strong></span> <span class='ocrx_word' id='word_1_206' title='bbox 2589 1891 2601 1992; x_wconf 83' lang='lat' dir='ltr'>F</span> 
     </span>
     <span class='ocr_line' id='line_1_29' title="bbox 454 1996 2141 2063; baseline 0.001 -23"><span class='ocrx_word' id='word_1_207' title='bbox 454 1996 651 2047; x_wconf 84' lang='lat' dir='ltr'><strong>affirmat,</strong></span> <span class='ocrx_word' id='word_1_208' title='bbox 688 1997 803 2054; x_wconf 88' lang='lat' dir='ltr'><strong>quod</strong></span> <span class='ocrx_word' id='word_1_209' title='bbox 837 2012 944 2039; x_wconf 85' lang='lat' dir='ltr'><strong>onus</strong></span> <span class='ocrx_word' id='word_1_210' title='bbox 993 2004 1055 2038; x_wconf 87' lang='lat' dir='ltr'><strong>est</strong></span> <span class='ocrx_word' id='word_1_211' title='bbox 1103 1997 1421 2040; x_wconf 82' lang='lat' dir='ltr'><strong>Postulatorum</strong></span> <span class='ocrx_word' id='word_1_212' title='bbox 1462 1997 1539 2040; x_wconf 83' lang='lat' dir='ltr'><strong>hae</strong></span> <span class='ocrx_word' id='word_1_213' title='bbox 1579 1996 1707 2040; x_wconf 90' lang='lat' dir='ltr'><strong>etiam</strong></span> <span class='ocrx_word' id='word_1_214' title='bbox 1742 1998 1786 2040; x_wconf 92' lang='lat' dir='ltr'><strong>in</strong></span> <span class='ocrx_word' id='word_1_215' title='bbox 1823 1997 1971 2042; x_wconf 89' lang='lat' dir='ltr'><strong>iudicii</strong></span> <span class='ocrx_word' id='word_1_216' title='bbox 2034 2003 2063 2063; x_wconf 70' lang='lat' dir='ltr'>g</span> <span class='ocrx_word' id='word_1_217' title='bbox 2096 2003 2141 2046; x_wconf 89' lang='grc'><strong>8.</strong></span> 
     </span>
     <span class='ocr_line' id='line_1_30' title="bbox 456 2056 1975 2114; baseline 0.001 -12"><span class='ocrx_word' id='word_1_218' title='bbox 456 2057 569 2102; x_wconf 87' lang='lat' dir='ltr'><strong>Sede</strong></span> <span class='ocrx_word' id='word_1_219' title='bbox 601 2057 840 2100; x_wconf 69' lang='lat' dir='ltr'><strong>Sanctitatis</strong></span> <span class='ocrx_word' id='word_1_220' title='bbox 874 2058 1042 2099; x_wconf 82' lang='lat' dir='ltr'><strong>Famam</strong></span> <span class='ocrx_word' id='word_1_221' title='bbox 1070 2056 1215 2113; x_wconf 81' lang='lat' dir='ltr'><strong>plene3</strong></span> <span class='ocrx_word' id='word_1_222' title='bbox 1252 2067 1290 2101; x_wconf 85' lang='lat' dir='ltr'><strong>et</strong></span> <span class='ocrx_word' id='word_1_223' title='bbox 1327 2057 1610 2100; x_wconf 73' lang='lat' dir='ltr'><strong>concludenter</strong></span> <span class='ocrx_word' id='word_1_224' title='bbox 1643 2058 1841 2114; x_wconf 77' lang='lat' dir='ltr'><strong>probare.</strong></span> <span class='ocrx_word' id='word_1_225' title='bbox 1876 2060 1975 2114; x_wconf 84' lang='lat' dir='ltr'><strong>Qua</strong></span> 
     </span>
     <span class='ocr_line' id='line_1_31' title="bbox 452 2117 1976 2175; baseline 0.002 -14"><span class='ocrx_word' id='word_1_226' title='bbox 452 2119 686 2175; x_wconf 88' lang='lat' dir='ltr'><strong>praemissa</strong></span> <span class='ocrx_word' id='word_1_227' title='bbox 710 2118 959 2161; x_wconf 88' lang='lat' dir='ltr'><strong>auctoritate</strong></span> <span class='ocrx_word' id='word_1_228' title='bbox 982 2117 1284 2162; x_wconf 88' lang='lat' dir='ltr'><strong>demonstrare</strong></span> <span class='ocrx_word' id='word_1_229' title='bbox 1306 2118 1527 2162; x_wconf 85' lang='lat' dir='ltr'><strong>contendit</strong></span> <span class='ocrx_word' id='word_1_230' title='bbox 1551 2118 1713 2162; x_wconf 89' lang='lat' dir='ltr'><strong>nullam</strong></span> <span class='ocrx_word' id='word_1_231' title='bbox 1748 2135 1802 2162; x_wconf 87' lang='lat' dir='ltr'><strong>ex</strong></span> <span class='ocrx_word' id='word_1_232' title='bbox 1837 2119 1976 2164; x_wconf 89' lang='lat' dir='ltr'><strong>trihus</strong></span> 
     </span>
     <span class='ocr_line' id='line_1_32' title="bbox 451 2178 1974 2237; baseline 0.001 -15"><span class='ocrx_word' id='word_1_233' title='bbox 451 2178 807 2237; x_wconf 80' lang='lat' dir='ltr'><strong>lnquisitionibus</strong></span> <span class='ocrx_word' id='word_1_234' title='bbox 823 2178 1178 2234; x_wconf 85' lang='lat' dir='ltr'><strong>Quebeeensibus</strong></span> <span class='ocrx_word' id='word_1_235' title='bbox 1193 2179 1352 2222; x_wconf 89' lang='lat' dir='ltr'><strong>dictam</strong></span> <span class='ocrx_word' id='word_1_236' title='bbox 1370 2179 1615 2223; x_wconf 87' lang='lat' dir='ltr'><strong>Sanctitatis</strong></span> <span class='ocrx_word' id='word_1_237' title='bbox 1633 2180 1814 2223; x_wconf 89' lang='lat' dir='ltr'><strong>Famam</strong></span> <span class='ocrx_word' id='word_1_238' title='bbox 1828 2180 1974 2237; x_wconf 87' lang='lat' dir='ltr'><strong>plene,</strong></span> 
     </span>
     <span class='ocr_line' id='line_1_33' title="bbox 451 2238 1975 2298; baseline 0.002 -16"><span class='ocrx_word' id='word_1_239' title='bbox 451 2247 494 2282; x_wconf 83' lang='lat' dir='ltr'><strong>et</strong></span> <span class='ocrx_word' id='word_1_240' title='bbox 517 2238 823 2283; x_wconf 89' lang='lat' dir='ltr'><strong>concludenter</strong></span> <span class='ocrx_word' id='word_1_241' title='bbox 846 2239 1190 2297; x_wconf 76' lang='lat' dir='ltr'><strong>probare.Quod</strong></span> <span class='ocrx_word' id='word_1_242' title='bbox 1215 2240 1271 2282; x_wconf 87' lang='lat' dir='ltr'><strong>ita</strong></span> <span class='ocrx_word' id='word_1_243' title='bbox 1297 2255 1374 2298; x_wconf 90' lang='lat' dir='ltr'><strong>per</strong></span> <span class='ocrx_word' id='word_1_244' title='bbox 1391 2248 1531 2297; x_wconf 88' lang='lat' dir='ltr'><strong>partes</strong></span> <span class='ocrx_word' id='word_1_245' title='bbox 1556 2239 1705 2283; x_wconf 86' lang='lat' dir='ltr'><strong>nititur</strong></span> <span class='ocrx_word' id='word_1_246' title='bbox 1726 2240 1975 2285; x_wconf 89' lang='lat' dir='ltr'><strong>ostendere.</strong></span> 
     </span>
    </p>

    <p class='ocr_par' dir='ltr' id='par_1_9' title="bbox 452 2299 2598 2965">
     <span class='ocr_line' id='line_1_34' title="bbox 575 2299 1981 2359; baseline 0.002 -17"><span class='ocrx_word' id='word_1_247' title='bbox 575 2300 651 2343; x_wconf 78' lang='lat'><strong>52.</strong></span> <span class='ocrx_word' id='word_1_248' title='bbox 691 2300 740 2341; x_wconf 91' lang='lat' dir='ltr'><strong>Et</strong></span> <span class='ocrx_word' id='word_1_249' title='bbox 762 2306 862 2342; x_wconf 83' lang='lat' dir='ltr'><strong>ante</strong></span> <span class='ocrx_word' id='word_1_250' title='bbox 887 2299 993 2342; x_wconf 90' lang='lat' dir='ltr'><strong>alios</strong></span> <span class='ocrx_word' id='word_1_251' title='bbox 1016 2300 1207 2357; x_wconf 89' lang='lat' dir='ltr'><strong>primum</strong></span> <span class='ocrx_word' id='word_1_252' title='bbox 1231 2302 1478 2344; x_wconf 77' lang='lat' dir='ltr'><strong>Processum</strong></span> <span class='ocrx_word' id='word_1_253' title='bbox 1502 2301 1556 2344; x_wconf 90' lang='lat' dir='ltr'><strong>ad</strong></span> <span class='ocrx_word' id='word_1_254' title='bbox 1583 2301 1790 2344; x_wconf 86' lang='lat' dir='ltr'><strong>trutinam</strong></span> <span class='ocrx_word' id='word_1_255' title='bbox 1816 2316 1981 2359; x_wconf 88' lang='lat' dir='ltr'><strong>expen-</strong></span> 
     </span>
     <span class='ocr_line' id='line_1_35' title="bbox 452 2360 1981 2419; baseline 0.001 -16"><span class='ocrx_word' id='word_1_256' title='bbox 452 2360 559 2404; x_wconf 90' lang='lat' dir='ltr'><strong>dens</strong></span> <span class='ocrx_word' id='word_1_257' title='bbox 593 2360 651 2403; x_wconf 89' lang='lat' dir='ltr'><strong>ita</strong></span> <span class='ocrx_word' id='word_1_258' title='bbox 685 2368 1026 2417; x_wconf 77' lang='lat' dir='ltr'><strong>argumentatur.</strong></span> <span class='ocrx_word' id='word_1_259' title='bbox 1064 2361 1121 2403; x_wconf 86' lang='lat' dir='ltr'><strong>At</strong></span> <span class='ocrx_word' id='word_1_260' title='bbox 1153 2360 1272 2404; x_wconf 88' lang='lat' dir='ltr'><strong>enim</strong></span> <span class='ocrx_word' id='word_1_261' title='bbox 1321 2362 1485 2419; x_wconf 88' lang='lat' dir='ltr'><strong>primus</strong></span> <span class='ocrx_word' id='word_1_262' title='bbox 1528 2376 1752 2419; x_wconf 88' lang='lat' dir='ltr'><strong>processus</strong></span> <span class='ocrx_word' id='word_1_263' title='bbox 1786 2361 1843 2404; x_wconf 88' lang='lat' dir='ltr'><strong>ab</strong></span> <span class='ocrx_word' id='word_1_264' title='bbox 1877 2361 1981 2419; x_wconf 90' lang='lat' dir='ltr'><strong>ipsis</strong></span> 
     </span>
     <span class='ocr_line' id='line_1_36' title="bbox 454 2420 1977 2480; baseline 0.001 -16"><span class='ocrx_word' id='word_1_265' title='bbox 454 2420 669 2464; x_wconf 86' lang='lat' dir='ltr'><strong>actoribus</strong></span> <span class='ocrx_word' id='word_1_266' title='bbox 703 2420 889 2464; x_wconf 85' lang='lat' dir='ltr'><strong>delicere</strong></span> <span class='ocrx_word' id='word_1_267' title='bbox 938 2421 1236 2479; x_wconf 84' lang='lat' dir='ltr'><strong>deprehensus</strong></span> <span class='ocrx_word' id='word_1_268' title='bbox 1269 2430 1331 2465; x_wconf 84' lang='lat' dir='ltr'><strong>est</strong></span> <span class='ocrx_word' id='word_1_269' title='bbox 1362 2446 1391 2454; x_wconf 96' lang='lat'><em>-</em></span> <span class='ocrx_word' id='word_1_270' title='bbox 1422 2423 1465 2464; x_wconf 81' lang='lat' dir='ltr'><strong>in</strong></span> <span class='ocrx_word' id='word_1_271' title='bbox 1500 2422 1563 2464; x_wconf 68' lang='lat' dir='ltr'><strong>leis</strong></span> <span class='ocrx_word' id='word_1_272' title='bbox 1591 2422 1840 2479; x_wconf 81' lang='lat' dir='ltr'><strong>praesertim</strong></span> <span class='ocrx_word' id='word_1_273' title='bbox 1874 2439 1977 2480; x_wconf 79' lang='lat' dir='ltr'><strong>quae</strong></span> 
     </span>
     <span class='ocr_line' id='line_1_37' title="bbox 452 2481 1975 2542; baseline 0.001 -17"><span class='ocrx_word' id='word_1_274' title='bbox 452 2482 679 2540; x_wconf 75' lang='lat' dir='ltr'><strong>respiciunt</strong></span> <span class='ocrx_word' id='word_1_275' title='bbox 703 2481 856 2540; x_wconf 65' lang='lat' dir='ltr'><strong>saritam</strong></span> <span class='ocrx_word' id='word_1_276' title='bbox 878 2506 906 2513; x_wconf 98' lang='lat'>-</span> <span class='ocrx_word' id='word_1_277' title='bbox 930 2481 1074 2541; x_wconf 89' lang='lat' dir='ltr'><strong>(Proc.</strong></span> <span class='ocrx_word' id='word_1_278' title='bbox 1103 2483 1136 2524; x_wconf 89' lang='lat' dir='ltr'><strong>ll</strong></span> <span class='ocrx_word' id='word_1_279' title='bbox 1160 2482 1234 2525; x_wconf 84' lang='lat' dir='ltr'><strong>fol.</strong></span> <span class='ocrx_word' id='word_1_280' title='bbox 1260 2482 1325 2541; x_wconf 75' lang='lat'><strong>4).</strong></span> <span class='ocrx_word' id='word_1_281' title='bbox 1351 2482 1593 2542; x_wconf 87' lang='lat' dir='ltr'><strong>Unicuique</strong></span> <span class='ocrx_word' id='word_1_282' title='bbox 1615 2482 1773 2526; x_wconf 89' lang='lat' dir='ltr'><strong>scilicet</strong></span> <span class='ocrx_word' id='word_1_283' title='bbox 1799 2483 1975 2527; x_wconf 83' lang='lat' dir='ltr'><strong>testium</strong></span> 
     </span>
     <span class='ocr_line' id='line_1_38' title="bbox 454 2541 1978 2600; baseline 0.001 -14"><span class='ocrx_word' id='word_1_284' title='bbox 454 2558 532 2586; x_wconf 88' lang='lat' dir='ltr'><strong>sua</strong></span> <span class='ocrx_word' id='word_1_285' title='bbox 567 2541 700 2585; x_wconf 86' lang='lat' dir='ltr'><strong>veluti</strong></span> <span class='ocrx_word' id='word_1_286' title='bbox 735 2542 952 2586; x_wconf 84' lang='lat' dir='ltr'><strong>recitanda</strong></span> <span class='ocrx_word' id='word_1_287' title='bbox 985 2558 1086 2600; x_wconf 87' lang='lat' dir='ltr'><strong>pars</strong></span> <span class='ocrx_word' id='word_1_288' title='bbox 1119 2543 1329 2587; x_wconf 84' lang='lat' dir='ltr'><strong>attributa</strong></span> <span class='ocrx_word' id='word_1_289' title='bbox 1363 2543 1524 2593; x_wconf 78' lang='lat' dir='ltr'><strong>suerat3</strong></span> <span class='ocrx_word' id='word_1_290' title='bbox 1562 2543 1724 2586; x_wconf 88' lang='lat' dir='ltr'><strong>scilicet</strong></span> <span class='ocrx_word' id='word_1_291' title='bbox 1761 2559 1872 2587; x_wconf 91' lang='lat' dir='ltr'><strong>unus</strong></span> <span class='ocrx_word' id='word_1_292' title='bbox 1907 2543 1978 2587; x_wconf 93' lang='lat' dir='ltr'><strong>vel</strong></span> 
     </span>
     <span class='ocr_line' id='line_1_39' title="bbox 453 2603 1981 2661; baseline 0 -14"><span class='ocrx_word' id='word_1_293' title='bbox 453 2604 561 2647; x_wconf 87' lang='lat' dir='ltr'><strong>alter</strong></span> <span class='ocrx_word' id='word_1_294' title='bbox 593 2603 650 2646; x_wconf 90' lang='lat' dir='ltr'><strong>de</strong></span> <span class='ocrx_word' id='word_1_295' title='bbox 684 2603 945 2661; x_wconf 89' lang='lat' dir='ltr'><strong>quibusdam</strong></span> <span class='ocrx_word' id='word_1_296' title='bbox 979 2618 1093 2661; x_wconf 90' lang='lat' dir='ltr'><strong>quae</strong></span> <span class='ocrx_word' id='word_1_297' title='bbox 1124 2603 1539 2647; x_wconf 79' lang='lat' dir='ltr'><strong>circumferebantur</strong></span> <span class='ocrx_word' id='word_1_298' title='bbox 1577 2603 1813 2655; x_wconf 88' lang='lat' dir='ltr'><strong>miraculis,</strong></span> <span class='ocrx_word' id='word_1_299' title='bbox 1851 2619 1981 2661; x_wconf 82' lang='lat' dir='ltr'><strong>gene-</strong></span> 
     </span>
     <span class='ocr_line' id='line_1_40' title="bbox 454 2663 1981 2722; baseline 0.001 -15"><span class='ocrx_word' id='word_1_300' title='bbox 454 2664 583 2708; x_wconf 89' lang='lat' dir='ltr'><strong>ratim</strong></span> <span class='ocrx_word' id='word_1_301' title='bbox 607 2664 822 2714; x_wconf 76' lang='lat' dir='ltr'><strong>disseruit,</strong></span> <span class='ocrx_word' id='word_1_302' title='bbox 846 2664 1048 2707; x_wconf 92' lang='lat' dir='ltr'><strong>nonnulli</strong></span> <span class='ocrx_word' id='word_1_303' title='bbox 1082 2664 1137 2707; x_wconf 91' lang='lat' dir='ltr'><strong>de</strong></span> <span class='ocrx_word' id='word_1_304' title='bbox 1170 2664 1386 2722; x_wconf 88' lang='lat' dir='ltr'><strong>paritione</strong></span> <span class='ocrx_word' id='word_1_305' title='bbox 1420 2663 1604 2708; x_wconf 90' lang='lat' dir='ltr'><strong>decretis</strong></span> <span class='ocrx_word' id='word_1_306' title='bbox 1636 2679 1697 2707; x_wconf 88' lang='lat' dir='ltr'><strong>sa.</strong></span> <span class='ocrx_word' id='word_1_307' title='bbox 1724 2678 1813 2709; x_wconf 86' lang='lat' dir='ltr'><strong>me.</strong></span> <span class='ocrx_word' id='word_1_308' title='bbox 1839 2664 1981 2709; x_wconf 87' lang='lat' dir='ltr'><strong>Urba-</strong></span> 
     </span>
     <span class='ocr_line' id='line_1_41' title="bbox 455 2724 1982 2783; baseline 0.001 -15"><span class='ocrx_word' id='word_1_309' title='bbox 455 2724 499 2768; x_wconf 94' lang='lat' dir='ltr'><strong>ni</strong></span> <span class='ocrx_word' id='word_1_310' title='bbox 532 2727 678 2783; x_wconf 87' lang='lat' dir='ltr'><strong>Papae</strong></span> <span class='ocrx_word' id='word_1_311' title='bbox 713 2725 806 2767; x_wconf 91' lang='lat' dir='ltr'><strong>VllI</strong></span> <span class='ocrx_word' id='word_1_312' title='bbox 827 2759 837 2775; x_wconf 93' lang='lat'><strong>,</strong></span> <span class='ocrx_word' id='word_1_313' title='bbox 874 2725 961 2768; x_wconf 92' lang='lat' dir='ltr'><strong>duo</strong></span> <span class='ocrx_word' id='word_1_314' title='bbox 996 2732 1136 2769; x_wconf 86' lang='lat' dir='ltr'><strong>tresve</strong></span> <span class='ocrx_word' id='word_1_315' title='bbox 1169 2725 1462 2782; x_wconf 83' lang='lat' dir='ltr'><strong>perfunctorie</strong></span> <span class='ocrx_word' id='word_1_316' title='bbox 1510 2725 1566 2769; x_wconf 90' lang='lat' dir='ltr'><strong>de</strong></span> <span class='ocrx_word' id='word_1_317' title='bbox 1599 2725 1844 2769; x_wconf 89' lang='lat' dir='ltr'><strong>Sanctitatis</strong></span> <span class='ocrx_word' id='word_1_318' title='bbox 1878 2725 1982 2783; x_wconf 86' lang='lat' dir='ltr'><strong>opi-</strong></span> 
     </span>
     <span class='ocr_line' id='line_1_42' title="bbox 459 2785 2598 2844; baseline 0 -15"><span class='ocrx_word' id='word_1_319' title='bbox 459 2786 590 2829; x_wconf 90' lang='lat' dir='ltr'><strong>nione</strong></span> <span class='ocrx_word' id='word_1_320' title='bbox 622 2785 848 2844; x_wconf 89' lang='lat' dir='ltr'><strong>quidpiam</strong></span> <span class='ocrx_word' id='word_1_321' title='bbox 884 2786 1041 2829; x_wconf 90' lang='lat' dir='ltr'><strong>testati.</strong></span> <span class='ocrx_word' id='word_1_322' title='bbox 1080 2788 1221 2844; x_wconf 87' lang='lat' dir='ltr'><strong>Atque</strong></span> <span class='ocrx_word' id='word_1_323' title='bbox 1264 2786 1372 2829; x_wconf 88' lang='lat' dir='ltr'><strong>adeo</strong></span> <span class='ocrx_word' id='word_1_324' title='bbox 1405 2794 1547 2829; x_wconf 87' lang='lat' dir='ltr'><strong>sancte</strong></span> <span class='ocrx_word' id='word_1_325' title='bbox 1590 2786 1698 2830; x_wconf 90' lang='lat' dir='ltr'><strong>hanc</strong></span> <span class='ocrx_word' id='word_1_326' title='bbox 1730 2785 1983 2831; x_wconf 90' lang='lat' dir='ltr'><strong>distinctio-</strong></span> <span class='ocrx_word' id='word_1_327' title='bbox 2566 2788 2598 2823; x_wconf 76' lang='lat'><strong>³2</strong></span> 
     </span>
     <span class='ocr_line' id='line_1_43' title="bbox 460 2846 1984 2905; baseline 0 -15"><span class='ocrx_word' id='word_1_328' title='bbox 460 2860 560 2890; x_wconf 90' lang='lat' dir='ltr'><strong>nem</strong></span> <span class='ocrx_word' id='word_1_329' title='bbox 594 2855 834 2899; x_wconf 86' lang='lat' dir='ltr'><strong>servarunt,</strong></span> <span class='ocrx_word' id='word_1_330' title='bbox 860 2855 904 2889; x_wconf 90' lang='lat' dir='ltr'><strong>ut</strong></span> <span class='ocrx_word' id='word_1_331' title='bbox 936 2846 1120 2905; x_wconf 90' lang='lat' dir='ltr'><strong>quisque</strong></span> <span class='ocrx_word' id='word_1_332' title='bbox 1155 2847 1326 2890; x_wconf 80' lang='lat' dir='ltr'><strong>testium</strong></span> <span class='ocrx_word' id='word_1_333' title='bbox 1361 2847 1559 2904; x_wconf 80' lang='lat' dir='ltr'><strong>religioni</strong></span> <span class='ocrx_word' id='word_1_334' title='bbox 1593 2846 1674 2890; x_wconf 90' lang='lat' dir='ltr'><strong>sibi</strong></span> <span class='ocrx_word' id='word_1_335' title='bbox 1707 2846 1899 2896; x_wconf 85' lang='lat' dir='ltr'><strong>duxerit,</strong></span> <span class='ocrx_word' id='word_1_336' title='bbox 1928 2862 1984 2890; x_wconf 86' lang='lat' dir='ltr'><strong>ne</strong></span> 
     </span>
     <span class='ocr_line' id='line_1_44' title="bbox 460 2907 1547 2965; baseline 0.001 -15"><span class='ocrx_word' id='word_1_337' title='bbox 460 2907 506 2951; x_wconf 89' lang='lat' dir='ltr'><strong>in</strong></span> <span class='ocrx_word' id='word_1_338' title='bbox 543 2907 724 2952; x_wconf 89' lang='lat' dir='ltr'><strong>alteram</strong></span> <span class='ocrx_word' id='word_1_339' title='bbox 758 2908 893 2951; x_wconf 87' lang='lat' dir='ltr'><strong>veluti</strong></span> <span class='ocrx_word' id='word_1_340' title='bbox 928 2907 1198 2965; x_wconf 88' lang='lat' dir='ltr'><strong>provinciam</strong></span> <span class='ocrx_word' id='word_1_341' title='bbox 1231 2923 1322 2951; x_wconf 88' lang='lat' dir='ltr'><strong>sese</strong></span> <span class='ocrx_word' id='word_1_342' title='bbox 1355 2907 1547 2951; x_wconf 80' lang='lat' dir='ltr'><strong>inferret.</strong></span> 
     </span>
    </p>
   </div>
   <div class='ocr_carea' id='block_1_5' title="bbox 2566 2243 2640 2765">
    <p class='ocr_par' dir='ltr' id='par_1_10' title="bbox 2566 2243 2640 2765">
     <span class='ocr_line' id='line_1_45' title="bbox 2566 2243 2640 2765; baseline 0 803"><span class='ocrx_word' id='word_1_343' title='bbox 2566 2243 2640 2765; x_wconf 95' lang='lat' dir='ltr'><strong> </strong></span> 
     </span>
    </p>
   </div>
   <div class='ocr_carea' id='block_1_6' title="bbox 1710 2966 2629 3024">
    <p class='ocr_par' dir='ltr' id='par_1_11' title="bbox 1710 2966 2629 3024">
     <span class='ocr_line' id='line_1_46' title="bbox 1710 2966 2629 3024; baseline -0.007 0"><span class='ocrx_word' id='word_1_344' title='bbox 1710 2982 1739 3024; x_wconf 87' lang='lat'>5</span> <span class='ocrx_word' id='word_1_345' title='bbox 2579 2966 2629 3003; x_wconf 40' lang='lat'><strong>1²</strong></span> 
     </span>
    </p>
   </div>
  </div>
 </body>
</html>
