2648 3568
458 376 567 434 gius,
605 373 700 417 dico
733 373 851 432 quod
884 374 925 417 hi
960 382 1057 417 sunt
1091 380 1254 417 tantum
1289 387 1472 416 numero
1506 374 1610 420 duo,
1642 381 1684 416 et
1717 372 1759 416 hi
1794 374 1972 432 quidem

455 437 588 479 etiam
624 434 849 493 supposito
883 434 1128 478 huiusmodi
1164 433 1349 483 delectu,
1388 449 1485 477 cum
1532 449 1616 477 non
1658 434 1742 477 sint
1784 436 1973 491 praecise

458 495 708 554 Regulares,
746 495 821 539 sed
858 495 997 552 potius
1031 494 1192 544 Oblati,
1230 503 1271 537 et.
1304 494 1458 538 Clerici
1494 494 1592 537 hinc
1625 510 1709 538 non
1747 496 1854 539 adeo
1878 497 1976 540 stri-

460 564 527 601 cte
562 556 797 600 necessaria
837 556 953 599 dicta
987 555 1110 599 venia
1146 555 1331 612 petenda
1368 554 1527 598 luisset.
1568 557 1727 599 Verum
1764 555 1841 600 hoc
1864 557 1972 609 dixi,

461 616 516 661 ad
551 616 881 666 abundantiam,
919 615 1289 675 quamlotpiidem,
1313 615 1559 659 huiusmodi
1584 614 1774 659 desectus
1797 633 1848 659 ex
1871 619 1974 661 Pro-

461 677 651 721 cessibus
675 692 757 719 non
782 686 978 734 apparet,
1001 675 1077 720 sed
1101 683 1266 720 tantum
1291 691 1343 719 ex
1367 676 1612 720 coniectura
1636 684 1751 719 extat
1772 677 1811 719 in
1831 687 1977 722 mente

458 737 835 782 Animadversoris
870 737 1239 795 praestantissimi.

580 798 655 841 34.
692 798 778 842 Sed
811 807 917 849 esto,
955 798 1071 858 quod
1106 798 1338 856 Regulares
1381 805 1506 840 testes
1550 798 1713 857 absque
1764 798 1975 856 legittima

461 858 589 903 venia
624 859 874 909 iuraverint,
913 867 1042 919 atquc
1076 874 1258 902 examen
1297 857 1771 918 subieriut‚1numquid
1810 874 1861 901 ex
1899 860 1979 903 hoc

455 920 627 964 nullum
663 919 897 963 dicendum
932 922 1013 963 erit
1048 921 1218 963 illorum
1253 934 1435 962 examen
1470 928 1542 962 aut
1583 919 1822 978 quidquam
1872 919 1975 964 Iidei

459 981 633 1024 illorum
665 980 788 1022 dictis
823 981 905 1023 erit
937 980 1218 1024 detrahenda.
1256 980 1432 1023 Minime
1464 995 1567 1023 sane
1601 980 1659 1023 uti
1695 978 1749 1023 ad
1777 996 1863 1022 rem
1891 995 1979 1024 mo-

458 1049 533 1085 net
569 1040 827 1083 Benedictus
861 1042 959 1084 XIV
997 1042 1069 1100 qui
1106 1040 1215 1098 (lib.
1252 1042 1296 1083 2.
1334 1056 1428 1098 cap.
1464 1041 1657 1083 XLVIII.
1696 1057 1740 1083 n.
1779 1041 1837 1099 5)
1872 1041 1977 1086 haec

457 1100 627 1145 scribit:
649 1121 664 1139 ιι
688 1101 879 1145 Monaehi
914 1111 954 1145 et
990 1102 1238 1159 Regulares,
1269 1115 1367 1144 cum
1402 1115 1485 1143 non
1512 1101 1699 1144 habeant
1735 1101 1859 1151 velle,
1900 1111 1973 1145 aut

459 1163 591 1212 nolle,
630 1177 816 1219 eumque
850 1178 1000 1206 eorum
1036 1163 1233 1206 voluntas
1266 1179 1288 1205 a
1323 1161 1608 1218 Superiorum
1632 1176 1807 1205 suorum
1833 1162 1983 1205 volun·

459 1231 546 1266 tate
580 1222 844 1279 dependeat,
883 1223 982 1266 hinc
1017 1231 1080 1266 est
1112 1223 1231 1282 quod
1266 1230 1439 1281 practer
1471 1237 1626 1265 corum
1649 1222 1913 1273 citationem,
1938 1232 1981 1267 et

457 1282 772 1334 inductionem,
811 1285 1068 1328 eorumdem
1103 1284 1233 1327 etiam
1268 1284 1551 1341 superiorum
1586 1283 1758 1326 licentia
1793 1284 1984 1341 requiri-

459 1352 543 1395 tur,
585 1351 632 1386 ut
668 1344 962 1388 testimonium
998 1345 1107 1388 serre
1142 1344 1318 1401 possint.
1345 1368 1373 1375 -
1396 1345 1558 1387 Verum
1601 1343 1777 1387 adnotet
1818 1345 1982 1387 Censor

457 1405 656 1463 egregius
678 1405 785 1461 quid
810 1406 918 1448 Iuris
944 1405 1076 1449 nostri
1110 1404 1355 1448 Moderator
1388 1403 1562 1448 subdat.
1592 1425 1606 1441 n
1635 1405 1721 1448 Sed
1755 1403 1788 1446 si
1822 1404 1978 1448 eadem

459 1480 544 1508 non
582 1464 709 1507 fuerit
739 1466 890 1524 petita,
928 1482 1008 1509 ηοη
1038 1465 1218 1522 proinde
1250 1481 1414 1508 examen
1447 1472 1503 1506 est
1536 1465 1716 1516 nullum,
1754 1472 1828 1507 aut
1861 1466 1985 1523 quid-

461 1541 581 1584 quam
617 1524 739 1567 Fidei
774 1527 957 1583 ipsorum
993 1527 1117 1570 dictis
1150 1526 1387 1569 detrahitur
1403 1543 1419 1574 ,·
1465 1526 1527 1568 uti
1565 1526 1651 1569 late
1692 1526 1819 1569 docet
1858 1526 1987 1569 Fari-

461 1585 638 1630 naccius
673 1585 727 1629 de
763 1588 905 1631 testib.
942 1595 1110 1647 quaest.
1146 1587 1221 1630 1³1.
1261 1602 1384 1631 num.
1424 1588 1495 1628 43.
1534 1594 1575 1629 et
1610 1601 1700 1644 seq.
1739 1594 1777 1627 ct
1805 1586 1845 1628 in
1871 1586 1985 1630 hisce

464 1646 614 1691 Causis
662 1647 1027 1699 Beatificationis,
1078 1657 1121 1691 et
1169 1646 1514 1692 Canonizationis
1549 1646 1832 1703 Pignattellus
1865 1649 1987 1691 Con-

469 1707 571 1751 sult.
611 1707 715 1750 494.
755 1717 860 1752 tom.
899 1710 942 1752 Ἰ.
981 1718 1023 1753 et
1055 1710 1184 1752 Malta
1217 1709 1272 1752 de
1305 1707 1554 1753 Canonizat.
1593 1709 1737 1751 Sanct.
1780 1717 1891 1764 part.
1935 1709 1980 1751 4.

470 1783 566 1825 cap.
606 1767 680 1811 47.
719 1784 839 1813 num.
880 1770 951 1813 ¹14.
988 1769 1117 1826 Quod
1150 1769 1280 1813 etiam
1315 1768 1472 1827 passim
1497 1768 1576 1812 l'uit
1598 1767 1833 1811 admissum
1859 1785 1882 1812 a
1907 1770 1988 1812 Ro-

471 1837 540 1872 tae
573 1828 875 1879 Auditoribus,
913 1840 955 1874 et
990 1832 1211 1889 signanter
1244 1830 1287 1873 in
1321 1829 1532 1873 relatione
1566 1829 1611 1873 S.
1649 1828 1856 1889 Didacig
1890 1830 1985 1873 Non

467 1889 616 1940 refert,
655 1897 697 1932 ct
730 1890 772 1933 in
808 1891 1018 1935 relatione
1051 1893 1095 1936 S.
1121 1891 1371 1935 Franciscae
1394 1891 1617 1934 Romanae
1641 1898 1750 1946 part.
1781 1889 1824 1932 l.
1851 1898 1933 1933 art.
1956 1891 1983 1933 7

469 1956 600 2008 atque
633 1965 657 1993 a
690 1952 918 1997 Sacrorum
953 1953 1132 1997 Rituum
1166 1951 1523 2009 Congregatione.
1550 1975 1578 1982 -
1601 1951 1651 1992 Et
1682 1958 1778 2009 post
1818 1958 1985 2007 septem

467 2019 739 2055 enumeratas
772 2013 1020 2057 huiusmodi
1055 2029 1201 2057 causas
1235 2013 1277 2055 in
1310 2012 1470 2071 quibus
1503 2011 1697 2055 desectus
1730 2011 1930 2055 licentiae
1962 2027 1986 2055 a

466 2071 776 2129 Superioribus
825 2074 1094 2131 expetendae
1138 2073 1243 2117 nihil
1287 2072 1514 2131 impedivit
1546 2073 1779 2131 queminus
1823 2072 1990 2116 validus

465 2133 695 2176 Processus
728 2133 977 2186 haberetur,
1007 2144 1050 2178 et
1073 2149 1254 2178 examen
1273 2134 1484 2178 dictorum
1508 2134 1681 2176 testium
1708 2133 1991 2190 Regularium

466 2192 526 2236 ita
560 2193 803 2246 concludit3
843 2204 886 2239 et
918 2195 1023 2239 dum
1058 2210 1238 2239 munere
1272 2194 1482 2253 fungebar
1513 2195 1636 2237 Fidei
1659 2194 1922 2237 Promotoris
1945 2194 1987 2237 in

466 2254 665 2297 Romana
699 2270 775 2298 seu
808 2256 1110 2300 Terracinensi
1143 2256 1265 2301 Servi
1300 2257 1381 2300 Dei
1405 2256 1545 2298 Caroli
1570 2271 1594 2298 a
1618 2255 1732 2299 Setia
1757 2270 1887 2312 super
1914 2270 1987 2298 va-

468 2313 637 2357 liditate
672 2315 983 2368 processuum,
1033 2318 1247 2362 referente
1278 2317 1380 2360 clar.
1419 2331 1602 2359 memor.
1641 2315 1856 2360 Cardinali
1901 2316 1984 2360 Ga-

466 2374 660 2424 brionio,
688 2383 731 2419 et
754 2377 796 2420 in
823 2378 1045 2421 Brasilien.
1073 2394 1147 2421 seu
1173 2378 1322 2422 Baien.
1349 2377 1472 2422 Servi
1500 2376 1585 2420 Dei
1619 2376 1785 2434 Ioseplii
1808 2376 1862 2419 de
1895 2376 1986 2419 An-

465 2435 614 2479 cliieta
663 2436 691 2478 9
724 2437 906 2496 Augusti
956 2439 1064 2483 4724
1122 2439 1339 2483 referente
1376 2439 1484 2482 clar.
1538 2453 1724 2481 memor.
1778 2437 1995 2481 Cardinali

469 2496 709 2554 Imperiali.

451 2567 459 2573 ·
592 2557 668 2600 34.
706 2560 766 2601 Ex
801 2559 867 2603 his
901 2560 1032 2618 igitur
1064 2568 1242 2610 constat,
1280 2560 1398 2618 quod
1433 2560 1562 2603 etiam
1603 2559 1682 2602 hoc
1704 2558 1891 2602 admisso
1916 2573 1989 2602 ve-

468 2618 564 2661 nire
598 2618 813 2676 petendae
847 2620 1043 2672 defectu,
1081 2636 1167 2664 non
1202 2620 1359 2664 idcirco
1394 2621 1620 2665 vitiaretur
1651 2619 1992 2663 substantialiter

472 2680 703 2723 Proeessus
736 2681 812 2725 sed
845 2682 1122 2726 solummodo
1156 2682 1271 2725 haud
1316 2691 1433 2726 recte
1474 2697 1566 2725 sese
1611 2680 1840 2739 gessissent
1886 2680 1992 2724 dieti

473 2748 604 2784 testes
646 2739 682 2783 si
725 2740 844 2785 illam
877 2744 1061 2801 veniam}
1095 2758 1178 2787 non
1213 2743 1454 2801 petiissent.
1490 2743 1535 2786 Si
1576 2742 1632 2786 de
1664 2741 1835 2785 defectu
1878 2741 1993 2784 iura-

473 2801 609 2844 menti
643 2815 784 2845 sermo
818 2814 953 2856 esset,
992 2814 1094 2847 tune
1126 2804 1317 2862 profecto
1351 2819 1451 2848 cum
1484 2805 1670 2847 Censore
1709 2809 1854 2845 nestro
1892 2816 1994 2845 con—

474 2862 692 2913 venirem,
727 2878 911 2907 examen
948 2865 1118 2909 testium
1154 2865 1475 2924 praedictorum
1509 2864 1637 2908 fuisse
1661 2864 1843 2914 nullum,
1864 2871 1907 2906 at
1929 2862 1992 2905 iu-

478 2931 725 2967 ramentum
759 2925 816 2968 ab
848 2925 930 2969 illis
962 2925 1217 2986 praestitum
1254 2942 1336 2970 non
1372 2926 1500 2970 fuisse
1532 2940 1773 2983 numquam
1807 2923 1995 2981 probare

1731 2999 1761 3042 4
