<?xml version="1.0" encoding="UTF-8"?>
<!DOCTYPE html PUBLIC "-//W3C//DTD XHTML 1.0 Transitional//EN"
    "http://www.w3.org/TR/xhtml1/DTD/xhtml1-transitional.dtd">
<html xmlns="http://www.w3.org/1999/xhtml" xml:lang="en" lang="en">
 <head>
  <title>
</title>
<meta http-equiv="Content-Type" content="text/html;charset=utf-8" />
  <meta name='ocr-system' content='tesseract 3.04.00' />
  <meta name='ocr-capabilities' content='ocr_page ocr_carea ocr_par ocr_line ocrx_word'/>
</head>
<body>
  <div class='ocr_page' id='page_1' title='image "./cihm_27111_0417.png"; bbox 0 0 2688 3568; ppageno 0'>
   <div class='ocr_carea' id='block_1_1' title="bbox 0 0 528 400">
    <p class='ocr_par' dir='ltr' id='par_1_1' title="bbox 0 0 528 400">
     <span class='ocr_line' id='line_1_1' title="bbox 0 0 528 400; baseline 0 3168"><span class='ocrx_word' id='word_1_1' title='bbox 0 0 528 400; x_wconf 95' lang='lat' dir='ltr'> </span> 
     </span>
    </p>
   </div>
   <div class='ocr_carea' id='block_1_2' title="bbox 917 253 1973 303">
    <p class='ocr_par' dir='ltr' id='par_1_2' title="bbox 917 253 1973 303">
     <span class='ocr_line' id='line_1_2' title="bbox 917 253 1973 303; baseline -0.002 -3"><span class='ocrx_word' id='word_1_2' title='bbox 917 269 1138 303; x_wconf 66' lang='lat' dir='ltr'>Erxsmmtz</span> <span class='ocrx_word' id='word_1_3' title='bbox 1170 268 1520 300; x_wconf 62' lang='lat' dir='ltr'>ros&#39;rucmomffl.</span> <span class='ocrx_word' id='word_1_4' title='bbox 1909 253 1973 298; x_wconf 71' lang='lat'>23</span> 
     </span>
    </p>
   </div>
   <div class='ocr_carea' id='block_1_3' title="bbox 466 339 2000 2944">
    <p class='ocr_par' dir='ltr' id='par_1_3' title="bbox 466 339 1980 642">
     <span class='ocr_line' id='line_1_3' title="bbox 587 339 1980 387; baseline -0.004 -2"><span class='ocrx_word' id='word_1_5' title='bbox 587 341 760 385; x_wconf 87' lang='lat' dir='ltr'>Utinam</span> <span class='ocrx_word' id='word_1_6' title='bbox 793 341 898 386; x_wconf 84' lang='lat' dir='ltr'>baec</span> <span class='ocrx_word' id='word_1_7' title='bbox 918 342 1015 386; x_wconf 82' lang='lat' dir='ltr'>Tibi</span> <span class='ocrx_word' id='word_1_8' title='bbox 1050 342 1342 387; x_wconf 88' lang='lat' dir='ltr'>addictissima</span> <span class='ocrx_word' id='word_1_9' title='bbox 1375 340 1635 386; x_wconf 82' lang='lat' dir='ltr'>Canadensis</span> <span class='ocrx_word' id='word_1_10' title='bbox 1657 339 1879 384; x_wconf 82' lang='lat' dir='ltr'>Provincia</span> <span class='ocrx_word' id='word_1_11' title='bbox 1903 340 1980 383; x_wconf 76' lang='lat' dir='ltr'>ln.-</span> 
     </span>
     <span class='ocr_line' id='line_1_4' title="bbox 466 401 1977 461; baseline -0.001 -16"><span class='ocrx_word' id='word_1_12' title='bbox 466 403 601 446; x_wconf 79' lang='lat' dir='ltr'>mines</span> <span class='ocrx_word' id='word_1_13' title='bbox 634 402 871 446; x_wconf 84' lang='lat' dir='ltr'>christianis</span> <span class='ocrx_word' id='word_1_14' title='bbox 905 404 1135 447; x_wconf 84' lang='lat' dir='ltr'>virtutibus</span> <span class='ocrx_word' id='word_1_15' title='bbox 1169 403 1548 461; x_wconf 84' lang='lat' dir='ltr'>praestantissimos</span> <span class='ocrx_word' id='word_1_16' title='bbox 1594 401 1815 447; x_wconf 73' lang='lat' dir='ltr'>sanctitati</span> <span class='ocrx_word' id='word_1_17' title='bbox 1853 402 1977 443; x_wconf 73' lang='lat' dir='ltr'>&#39;l&#39;aae</span> 
     </span>
     <span class='ocr_line' id='line_1_5' title="bbox 466 461 1974 520; baseline -0.002 -14"><span class='ocrx_word' id='word_1_18' title='bbox 466 464 647 507; x_wconf 86' lang='lat' dir='ltr'>oll&#39;crens</span> <span class='ocrx_word' id='word_1_19' title='bbox 680 464 873 507; x_wconf 78' lang='lat' dir='ltr'>conserat</span> <span class='ocrx_word' id='word_1_20' title='bbox 906 464 957 507; x_wconf 90' lang='lat' dir='ltr'>ad</span> <span class='ocrx_word' id='word_1_21' title='bbox 992 478 1142 507; x_wconf 84' lang='lat' dir='ltr'>eorum</span> <span class='ocrx_word' id='word_1_22' title='bbox 1176 478 1407 506; x_wconf 65' lang='lat' dir='ltr'>[humerum</span> <span class='ocrx_word' id='word_1_23' title='bbox 1444 462 1702 520; x_wconf 66' lang='lat' dir='ltr'>augendum,</span> <span class='ocrx_word' id='word_1_24' title='bbox 1733 462 1808 520; x_wconf 81' lang='lat' dir='ltr'>qni</span> <span class='ocrx_word' id='word_1_25' title='bbox 1833 461 1974 504; x_wconf 77' lang='lat' dir='ltr'>Eccle-</span> 
     </span>
     <span class='ocr_line' id='line_1_6' title="bbox 466 523 1978 583; baseline -0.003 -16"><span class='ocrx_word' id='word_1_26' title='bbox 466 525 572 567; x_wconf 86' lang='lat' dir='ltr'>siam</span> <span class='ocrx_word' id='word_1_27' title='bbox 614 524 811 582; x_wconf 73' lang='lat' dir='ltr'>exemplo</span> <span class='ocrx_word' id='word_1_28' title='bbox 856 524 1094 573; x_wconf 80' lang='lat' dir='ltr'>illustrant.</span> <span class='ocrx_word' id='word_1_29' title='bbox 1130 539 1316 583; x_wconf 86' lang='lat' dir='ltr'>eamque</span> <span class='ocrx_word' id='word_1_30' title='bbox 1345 532 1388 568; x_wconf 84' lang='lat' dir='ltr'>et</span> <span class='ocrx_word' id='word_1_31' title='bbox 1420 539 1542 566; x_wconf 85' lang='lat' dir='ltr'>sunm</span> <span class='ocrx_word' id='word_1_32' title='bbox 1583 523 1811 581; x_wconf 74' lang='lat' dir='ltr'>praecipue</span> <span class='ocrx_word' id='word_1_33' title='bbox 1848 530 1978 580; x_wconf 82' lang='lat' dir='ltr'>capnt</span> 
     </span>
     <span class='ocr_line' id='line_1_7' title="bbox 467 584 1236 642; baseline 0.001 -15"><span class='ocrx_word' id='word_1_34' title='bbox 467 584 582 642; x_wconf 85' lang='lat' dir='ltr'>apud</span> <span class='ocrx_word' id='word_1_35' title='bbox 618 587 759 628; x_wconf 85' lang='lat' dir='ltr'>Deum</span> <span class='ocrx_word' id='word_1_36' title='bbox 793 585 990 641; x_wconf 86' lang='lat' dir='ltr'>precibus</span> <span class='ocrx_word' id='word_1_37' title='bbox 1025 593 1236 628; x_wconf 87' lang='lat' dir='ltr'>tutantur.</span> 
     </span>
    </p>

    <p class='ocr_par' dir='ltr' id='par_1_4' title="bbox 467 641 1980 944">
     <span class='ocr_line' id='line_1_8' title="bbox 590 641 1976 703; baseline -0.002 -16"><span class='ocrx_word' id='word_1_38' title='bbox 590 646 649 687; x_wconf 79' lang='lat' dir='ltr'>Ex</span> <span class='ocrx_word' id='word_1_39' title='bbox 685 645 763 695; x_wconf 85' lang='lat' dir='ltr'>iis,</span> <span class='ocrx_word' id='word_1_40' title='bbox 799 646 875 703; x_wconf 87' lang='lat' dir='ltr'>qui</span> <span class='ocrx_word' id='word_1_41' title='bbox 923 646 964 688; x_wconf 93' lang='lat' dir='ltr'>in</span> <span class='ocrx_word' id='word_1_42' title='bbox 1004 646 1082 688; x_wconf 89' lang='lat' dir='ltr'>bac</span> <span class='ocrx_word' id='word_1_43' title='bbox 1125 644 1366 689; x_wconf 86' lang='lat' dir='ltr'>Canadensi</span> <span class='ocrx_word' id='word_1_44' title='bbox 1410 643 1581 702; x_wconf 68' lang='lat' dir='ltr'>regione</span> <span class='ocrx_word' id='word_1_45' title='bbox 1622 644 1845 687; x_wconf 81' lang='lat' dir='ltr'>christiana</span> <span class='ocrx_word' id='word_1_46' title='bbox 1890 641 1976 686; x_wconf 60' lang='lat' dir='ltr'>fida</span> 
     </span>
     <span class='ocr_line' id='line_1_9' title="bbox 467 704 1980 762; baseline -0.002 -14"><span class='ocrx_word' id='word_1_47' title='bbox 467 713 509 748; x_wconf 84' lang='lat' dir='ltr'>et</span> <span class='ocrx_word' id='word_1_48' title='bbox 543 704 697 762; x_wconf 74' lang='lat' dir='ltr'>insigni</span> <span class='ocrx_word' id='word_1_49' title='bbox 732 720 899 749; x_wconf 86' lang='lat' dir='ltr'>morum</span> <span class='ocrx_word' id='word_1_50' title='bbox 934 706 1165 749; x_wconf 67' lang='lat' dir='ltr'>Sanctitate</span> <span class='ocrx_word' id='word_1_51' title='bbox 1199 705 1381 749; x_wconf 81' lang='lat' dir='ltr'>floruere</span> <span class='ocrx_word' id='word_1_52' title='bbox 1402 738 1415 756; x_wconf 88' lang='lat'><strong>,</strong></span> <span class='ocrx_word' id='word_1_53' title='bbox 1450 706 1701 748; x_wconf 73' lang='lat' dir='ltr'>exhibemus</span> <span class='ocrx_word' id='word_1_54' title='bbox 1722 704 1840 754; x_wconf 85' lang='lat' dir='ltr'>Tibi,</span> <span class='ocrx_word' id='word_1_55' title='bbox 1869 705 1980 746; x_wconf 70' lang='lat' dir='ltr'>ltca-</span> 
     </span>
     <span class='ocr_line' id='line_1_10' title="bbox 469 765 1975 816; baseline -0.001 -9"><span class='ocrx_word' id='word_1_56' title='bbox 469 766 628 809; x_wconf 74' lang='lat' dir='ltr'>tissimc</span> <span class='ocrx_word' id='word_1_57' title='bbox 662 768 803 816; x_wconf 83' lang='lat' dir='ltr'>l‘ater.</span> <span class='ocrx_word' id='word_1_58' title='bbox 838 766 1136 810; x_wconf 75' lang='lat' dir='ltr'>admirabilem</span> <span class='ocrx_word' id='word_1_59' title='bbox 1164 775 1345 810; x_wconf 86' lang='lat' dir='ltr'>matrem</span> <span class='ocrx_word' id='word_1_60' title='bbox 1383 766 1554 809; x_wconf 81' lang='lat' dir='ltr'>Mariam</span> <span class='ocrx_word' id='word_1_61' title='bbox 1582 765 1639 808; x_wconf 91' lang='lat' dir='ltr'>de</span> <span class='ocrx_word' id='word_1_62' title='bbox 1663 767 1975 812; x_wconf 71' lang='lat' dir='ltr'>incarnatione,</span> 
     </span>
     <span class='ocr_line' id='line_1_11' title="bbox 467 824 1977 885; baseline -0.002 -17"><span class='ocrx_word' id='word_1_63' title='bbox 467 841 580 884; x_wconf 85' lang='lat' dir='ltr'>quae</span> <span class='ocrx_word' id='word_1_64' title='bbox 613 826 654 869; x_wconf 91' lang='lat' dir='ltr'>in</span> <span class='ocrx_word' id='word_1_65' title='bbox 690 827 958 881; x_wconf 82' lang='lat' dir='ltr'>Qnebcccnsi</span> <span class='ocrx_word' id='word_1_66' title='bbox 1007 828 1116 871; x_wconf 88' lang='lat' dir='ltr'>nrbe</span> <span class='ocrx_word' id='word_1_67' title='bbox 1148 843 1265 871; x_wconf 87' lang='lat' dir='ltr'>anno</span> <span class='ocrx_word' id='word_1_68' title='bbox 1312 828 1431 870; x_wconf 72' lang='lat'>4672</span> <span class='ocrx_word' id='word_1_69' title='bbox 1465 826 1606 885; x_wconf 81' lang='lat' dir='ltr'>pridie</span> <span class='ocrx_word' id='word_1_70' title='bbox 1638 825 1841 869; x_wconf 76' lang='lat' dir='ltr'>kalendas</span> <span class='ocrx_word' id='word_1_71' title='bbox 1878 824 1977 869; x_wconf 77' lang='lat' dir='ltr'>Maii</span> 
     </span>
     <span class='ocr_line' id='line_1_12' title="bbox 469 886 1122 944; baseline 0.005 -15"><span class='ocrx_word' id='word_1_72' title='bbox 469 901 594 929; x_wconf 85' lang='lat' dir='ltr'>suum</span> <span class='ocrx_word' id='word_1_73' title='bbox 628 886 745 930; x_wconf 89' lang='lat' dir='ltr'>diem</span> <span class='ocrx_word' id='word_1_74' title='bbox 780 887 970 944; x_wconf 75' lang='lat' dir='ltr'>piissime</span> <span class='ocrx_word' id='word_1_75' title='bbox 997 888 1122 932; x_wconf 84' lang='lat' dir='ltr'>obiit.</span> 
     </span>
    </p>

    <p class='ocr_par' dir='ltr' id='par_1_5' title="bbox 470 946 1991 2278">
     <span class='ocr_line' id='line_1_13' title="bbox 592 946 1982 1007; baseline -0.001 -18"><span class='ocrx_word' id='word_1_76' title='bbox 592 947 685 990; x_wconf 82' lang='lat' dir='ltr'>Non</span> <span class='ocrx_word' id='word_1_77' title='bbox 721 948 865 991; x_wconf 80' lang='lat' dir='ltr'>multis</span> <span class='ocrx_word' id='word_1_78' title='bbox 912 956 1005 1005; x_wconf 84' lang='lat' dir='ltr'>post</span> <span class='ocrx_word' id='word_1_79' title='bbox 1044 948 1197 998; x_wconf 88' lang='lat' dir='ltr'>annis,</span> <span class='ocrx_word' id='word_1_80' title='bbox 1236 963 1364 1007; x_wconf 83' lang='lat' dir='ltr'>quam</span> <span class='ocrx_word' id='word_1_81' title='bbox 1401 965 1455 992; x_wconf 82' lang='lat' dir='ltr'>ex</span> <span class='ocrx_word' id='word_1_82' title='bbox 1486 947 1625 993; x_wconf 86' lang='lat' dir='ltr'>Gallia</span> <span class='ocrx_word' id='word_1_83' title='bbox 1664 947 1745 991; x_wconf 73' lang='lat' dir='ltr'>linc</span> <span class='ocrx_word' id='word_1_84' title='bbox 1782 946 1946 991; x_wconf 86' lang='lat' dir='ltr'>colonia</span> <span class='ocrx_word' id='word_1_85' title='bbox 1968 980 1982 996; x_wconf 83' lang='lat'>‚.</span> 
     </span>
     <span class='ocr_line' id='line_1_14' title="bbox 470 1007 1979 1067; baseline 0 -16"><span class='ocrx_word' id='word_1_86' title='bbox 470 1022 655 1064; x_wconf 83' lang='lat' dir='ltr'>cumque</span> <span class='ocrx_word' id='word_1_87' title='bbox 689 1022 739 1050; x_wconf 87' lang='lat' dir='ltr'>ea</span> <span class='ocrx_word' id='word_1_88' title='bbox 773 1007 879 1052; x_wconf 82' lang='lat' dir='ltr'>[ides</span> <span class='ocrx_word' id='word_1_89' title='bbox 911 1008 1117 1052; x_wconf 78' lang='lat' dir='ltr'>catholiea</span> <span class='ocrx_word' id='word_1_90' title='bbox 1148 1008 1334 1053; x_wconf 89' lang='lat' dir='ltr'>deducta</span> <span class='ocrx_word' id='word_1_91' title='bbox 1367 1010 1529 1059; x_wconf 78' lang='lat' dir='ltr'>luerat,</span> <span class='ocrx_word' id='word_1_92' title='bbox 1567 1008 1658 1067; x_wconf 84' lang='lat' dir='ltr'>ipsa</span> <span class='ocrx_word' id='word_1_93' title='bbox 1691 1007 1979 1067; x_wconf 78' lang='lat' dir='ltr'>providentis-</span> 
     </span>
     <span class='ocr_line' id='line_1_15' title="bbox 470 1067 1975 1128; baseline -0.001 -18"><span class='ocrx_word' id='word_1_94' title='bbox 470 1067 579 1110; x_wconf 71' lang='lat' dir='ltr'>simo</span> <span class='ocrx_word' id='word_1_95' title='bbox 613 1068 695 1112; x_wconf 85' lang='lat' dir='ltr'>Dei</span> <span class='ocrx_word' id='word_1_96' title='bbox 730 1067 918 1126; x_wconf 88' lang='lat' dir='ltr'>impulsu</span> <span class='ocrx_word' id='word_1_97' title='bbox 940 1076 1029 1111; x_wconf 88' lang='lat' dir='ltr'>acta</span> <span class='ocrx_word' id='word_1_98' title='bbox 1063 1069 1321 1125; x_wconf 87' lang='lat' dir='ltr'>Qucbecnm</span> <span class='ocrx_word' id='word_1_99' title='bbox 1348 1070 1479 1120; x_wconf 87' lang='lat' dir='ltr'>venit,</span> <span class='ocrx_word' id='word_1_100' title='bbox 1517 1070 1665 1128; x_wconf 88' lang='lat' dir='ltr'>ibique</span> <span class='ocrx_word' id='word_1_101' title='bbox 1688 1084 1787 1112; x_wconf 77' lang='lat' dir='ltr'>mox</span> <span class='ocrx_word' id='word_1_102' title='bbox 1810 1084 1975 1112; x_wconf 82' lang='lat' dir='ltr'>sacram</span> 
     </span>
     <span class='ocr_line' id='line_1_16' title="bbox 470 1128 1979 1186; baseline -0.001 -15"><span class='ocrx_word' id='word_1_103' title='bbox 470 1128 653 1171; x_wconf 88' lang='lat' dir='ltr'>domum</span> <span class='ocrx_word' id='word_1_104' title='bbox 685 1130 872 1172; x_wconf 83' lang='lat' dir='ltr'>extruxit</span> <span class='ocrx_word' id='word_1_105' title='bbox 907 1130 1137 1173; x_wconf 73' lang='lat' dir='ltr'>mulierum</span> <span class='ocrx_word' id='word_1_106' title='bbox 1172 1146 1197 1173; x_wconf 85' lang='lat' dir='ltr'>a</span> <span class='ocrx_word' id='word_1_107' title='bbox 1229 1130 1276 1174; x_wconf 88' lang='lat' dir='ltr'>S.</span> <span class='ocrx_word' id='word_1_108' title='bbox 1312 1130 1465 1174; x_wconf 84' lang='lat' dir='ltr'>Ursula</span> <span class='ocrx_word' id='word_1_109' title='bbox 1497 1137 1859 1186; x_wconf 86' lang='lat' dir='ltr'>nuncupatarum‚</span> <span class='ocrx_word' id='word_1_110' title='bbox 1886 1135 1979 1171; x_wconf 86' lang='lat' dir='ltr'>tum</span> 
     </span>
     <span class='ocr_line' id='line_1_17' title="bbox 471 1189 1983 1248; baseline -0.001 -16"><span class='ocrx_word' id='word_1_111' title='bbox 471 1189 625 1232; x_wconf 86' lang='lat' dir='ltr'>domus</span> <span class='ocrx_word' id='word_1_112' title='bbox 658 1190 971 1247; x_wconf 73' lang='lat' dir='ltr'>praefecturam</span> <span class='ocrx_word' id='word_1_113' title='bbox 1006 1190 1150 1248; x_wconf 79' lang='lat' dir='ltr'>gessit.</span> <span class='ocrx_word' id='word_1_114' title='bbox 1203 1192 1310 1234; x_wconf 89' lang='lat' dir='ltr'>Cum</span> <span class='ocrx_word' id='word_1_115' title='bbox 1346 1200 1544 1234; x_wconf 86' lang='lat' dir='ltr'>aeternae</span> <span class='ocrx_word' id='word_1_116' title='bbox 1586 1189 1733 1233; x_wconf 85' lang='lat' dir='ltr'>salutis</span> <span class='ocrx_word' id='word_1_117' title='bbox 1773 1189 1983 1232; x_wconf 76' lang='lat' dir='ltr'>silvicola-</span> 
     </span>
     <span class='ocr_line' id='line_1_18' title="bbox 473 1249 1990 1307; baseline 0 -16"><span class='ocrx_word' id='word_1_118' title='bbox 473 1264 585 1298; x_wconf 88' lang='lat' dir='ltr'>rum,</span> <span class='ocrx_word' id='word_1_119' title='bbox 621 1258 663 1292; x_wconf 86' lang='lat' dir='ltr'>et</span> <span class='ocrx_word' id='word_1_120' title='bbox 696 1250 915 1294; x_wconf 85' lang='lat' dir='ltr'>Gallorum</span> <span class='ocrx_word' id='word_1_121' title='bbox 950 1250 1003 1293; x_wconf 88' lang='lat' dir='ltr'>ad</span> <span class='ocrx_word' id='word_1_122' title='bbox 1034 1251 1249 1294; x_wconf 77' lang='lat' dir='ltr'>coloniam</span> <span class='ocrx_word' id='word_1_123' title='bbox 1273 1250 1578 1307; x_wconf 86' lang='lat' dir='ltr'>pertinentium</span> <span class='ocrx_word' id='word_1_124' title='bbox 1604 1249 1820 1293; x_wconf 83' lang='lat' dir='ltr'>desiderio</span> <span class='ocrx_word' id='word_1_125' title='bbox 1845 1249 1990 1292; x_wconf 81' lang='lat' dir='ltr'>incen-</span> 
     </span>
     <span class='ocr_line' id='line_1_19' title="bbox 472 1308 1988 1369; baseline -0.001 -16"><span class='ocrx_word' id='word_1_126' title='bbox 472 1309 665 1361; x_wconf 79' lang='lat' dir='ltr'>deretur,</span> <span class='ocrx_word' id='word_1_127' title='bbox 701 1309 819 1361; x_wconf 87' lang='lat' dir='ltr'>nibil,</span> <span class='ocrx_word' id='word_1_128' title='bbox 857 1311 977 1369; x_wconf 82' lang='lat' dir='ltr'>quod</span> <span class='ocrx_word' id='word_1_129' title='bbox 1007 1326 1130 1355; x_wconf 76' lang='lat' dir='ltr'>suam</span> <span class='ocrx_word' id='word_1_130' title='bbox 1161 1311 1452 1355; x_wconf 85' lang='lat' dir='ltr'>conditionem</span> <span class='ocrx_word' id='word_1_131' title='bbox 1486 1311 1687 1361; x_wconf 83' lang='lat' dir='ltr'>decc-ret,</span> <span class='ocrx_word' id='word_1_132' title='bbox 1723 1308 1988 1353; x_wconf 80' lang='lat' dir='ltr'>intentatum</span> 
     </span>
     <span class='ocr_line' id='line_1_20' title="bbox 473 1370 1981 1430; baseline 0 -18"><span class='ocrx_word' id='word_1_133' title='bbox 473 1370 681 1427; x_wconf 82' lang='lat' dir='ltr'>reliquit,</span> <span class='ocrx_word' id='word_1_134' title='bbox 717 1386 803 1428; x_wconf 83' lang='lat' dir='ltr'>que</span> <span class='ocrx_word' id='word_1_135' title='bbox 840 1372 931 1430; x_wconf 78' lang='lat' dir='ltr'>ipsa</span> <span class='ocrx_word' id='word_1_136' title='bbox 964 1387 1058 1414; x_wconf 89' lang='lat' dir='ltr'>cum</span> <span class='ocrx_word' id='word_1_137' title='bbox 1093 1371 1217 1415; x_wconf 83' lang='lat' dir='ltr'>sociis</span> <span class='ocrx_word' id='word_1_138' title='bbox 1256 1371 1501 1416; x_wconf 85' lang='lat' dir='ltr'>bominibus</span> <span class='ocrx_word' id='word_1_139' title='bbox 1548 1371 1632 1414; x_wconf 90' lang='lat' dir='ltr'>illis</span> <span class='ocrx_word' id='word_1_140' title='bbox 1680 1371 1981 1428; x_wconf 66' lang='lat' dir='ltr'>opitularetur.</span> 
     </span>
     <span class='ocr_line' id='line_1_21' title="bbox 473 1431 1985 1488; baseline -0.001 -15"><span class='ocrx_word' id='word_1_141' title='bbox 473 1432 560 1473; x_wconf 87' lang='lat' dir='ltr'>lam</span> <span class='ocrx_word' id='word_1_142' title='bbox 587 1438 677 1473; x_wconf 88' lang='lat' dir='ltr'>tum</span> <span class='ocrx_word' id='word_1_143' title='bbox 703 1431 900 1475; x_wconf 85' lang='lat' dir='ltr'>omnium</span> <span class='ocrx_word' id='word_1_144' title='bbox 934 1432 1061 1475; x_wconf 82' lang='lat' dir='ltr'>animi</span> <span class='ocrx_word' id='word_1_145' title='bbox 1086 1432 1354 1479; x_wconf 85' lang='lat' dir='ltr'>admirabilis</span> <span class='ocrx_word' id='word_1_146' title='bbox 1389 1432 1537 1475; x_wconf 71' lang='lat' dir='ltr'>:nati-is</span> <span class='ocrx_word' id='word_1_147' title='bbox 1561 1432 1790 1475; x_wconf 82' lang='lat' dir='ltr'>virtutibus</span> <span class='ocrx_word' id='word_1_148' title='bbox 1814 1446 1985 1488; x_wconf 84' lang='lat' dir='ltr'>permo-</span> 
     </span>
     <span class='ocr_line' id='line_1_22' title="bbox 475 1491 1987 1550; baseline -0.001 -16"><span class='ocrx_word' id='word_1_149' title='bbox 475 1492 520 1540; x_wconf 92' lang='lat' dir='ltr'>ti,</span> <span class='ocrx_word' id='word_1_150' title='bbox 557 1491 736 1550; x_wconf 83' lang='lat' dir='ltr'>eiusquc</span> <span class='ocrx_word' id='word_1_151' title='bbox 769 1492 915 1535; x_wconf 87' lang='lat' dir='ltr'>animo</span> <span class='ocrx_word' id='word_1_152' title='bbox 947 1493 1135 1550; x_wconf 84' lang='lat' dir='ltr'>corporis</span> <span class='ocrx_word' id='word_1_153' title='bbox 1167 1494 1334 1537; x_wconf 73' lang='lat' dir='ltr'>viribus</span> <span class='ocrx_word' id='word_1_154' title='bbox 1362 1502 1406 1537; x_wconf 84' lang='lat' dir='ltr'>et</span> <span class='ocrx_word' id='word_1_155' title='bbox 1438 1508 1541 1536; x_wconf 50' lang='lat' dir='ltr'>sexu⁴</span> <span class='ocrx_word' id='word_1_156' title='bbox 1575 1492 1709 1535; x_wconf 89' lang='lat' dir='ltr'>multo</span> <span class='ocrx_word' id='word_1_157' title='bbox 1742 1492 1907 1534; x_wconf 86' lang='lat' dir='ltr'>maiore</span> <span class='ocrx_word' id='word_1_158' title='bbox 1942 1491 1987 1533; x_wconf 87' lang='lat' dir='ltr'>in</span> 
     </span>
     <span class='ocr_line' id='line_1_23' title="bbox 474 1550 1987 1612; baseline -0.001 -18"><span class='ocrx_word' id='word_1_159' title='bbox 474 1552 565 1595; x_wconf 91' lang='lat' dir='ltr'>cius</span> <span class='ocrx_word' id='word_1_160' title='bbox 599 1550 800 1595; x_wconf 89' lang='lat' dir='ltr'>liduciam</span> <span class='ocrx_word' id='word_1_161' title='bbox 836 1553 1259 1612; x_wconf 78' lang='lat' dir='ltr'>admiration‹.·m‹pie</span> <span class='ocrx_word' id='word_1_162' title='bbox 1290 1554 1401 1611; x_wconf 87' lang='lat' dir='ltr'>rapti</span> <span class='ocrx_word' id='word_1_163' title='bbox 1433 1561 1532 1596; x_wconf 87' lang='lat' dir='ltr'>sunt</span> <span class='ocrx_word' id='word_1_164' title='bbox 1552 1587 1563 1603; x_wconf 88' lang='lat'><strong>,</strong></span> <span class='ocrx_word' id='word_1_165' title='bbox 1599 1567 1781 1610; x_wconf 66' lang='lat' dir='ltr'>emtique</span> <span class='ocrx_word' id='word_1_166' title='bbox 1815 1560 1861 1594; x_wconf 86' lang='lat' dir='ltr'>ut</span> <span class='ocrx_word' id='word_1_167' title='bbox 1884 1566 1987 1594; x_wconf 85' lang='lat' dir='ltr'>mu-</span> 
     </span>
     <span class='ocr_line' id='line_1_24' title="bbox 476 1612 1986 1671; baseline -0.001 -16"><span class='ocrx_word' id='word_1_168' title='bbox 476 1612 622 1655; x_wconf 88' lang='lat' dir='ltr'>lierem</span> <span class='ocrx_word' id='word_1_169' title='bbox 656 1612 879 1657; x_wconf 81' lang='lat' dir='ltr'>sanctitate</span> <span class='ocrx_word' id='word_1_170' title='bbox 914 1614 1121 1671; x_wconf 74' lang='lat' dir='ltr'>insignem</span> <span class='ocrx_word' id='word_1_171' title='bbox 1173 1614 1471 1657; x_wconf 85' lang='lat' dir='ltr'>intuebantur.</span> <span class='ocrx_word' id='word_1_172' title='bbox 1521 1615 1648 1668; x_wconf 84' lang='lat' dir='ltr'>Quae</span> <span class='ocrx_word' id='word_1_173' title='bbox 1676 1612 1855 1670; x_wconf 67' lang='lat' dir='ltr'>«pridem</span> <span class='ocrx_word' id='word_1_174' title='bbox 1885 1627 1986 1655; x_wconf 83' lang='lat' dir='ltr'>san-</span> 
     </span>
     <span class='ocr_line' id='line_1_25' title="bbox 475 1672 1984 1733; baseline 0 -18"><span class='ocrx_word' id='word_1_175' title='bbox 475 1673 630 1716; x_wconf 76' lang='lat' dir='ltr'>ctiiatis</span> <span class='ocrx_word' id='word_1_176' title='bbox 674 1673 855 1730; x_wconf 82' lang='lat' dir='ltr'>opinio,</span> <span class='ocrx_word' id='word_1_177' title='bbox 892 1675 1087 1733; x_wconf 69' lang='lat' dir='ltr'>quamvis</span> <span class='ocrx_word' id='word_1_178' title='bbox 1135 1675 1293 1718; x_wconf 78' lang='lat' dir='ltr'>Mariae</span> <span class='ocrx_word' id='word_1_179' title='bbox 1327 1674 1461 1717; x_wconf 88' lang='lat' dir='ltr'>virtus</span> <span class='ocrx_word' id='word_1_180' title='bbox 1507 1689 1636 1732; x_wconf 77' lang='lat' dir='ltr'>saepe</span> <span class='ocrx_word' id='word_1_181' title='bbox 1669 1672 1775 1716; x_wconf 89' lang='lat' dir='ltr'>dure</span> <span class='ocrx_word' id='word_1_182' title='bbox 1816 1680 1984 1715; x_wconf 84' lang='lat' dir='ltr'>tentata</span> 
     </span>
     <span class='ocr_line' id='line_1_26' title="bbox 475 1732 1989 1792; baseline -0.001 -17"><span class='ocrx_word' id='word_1_183' title='bbox 475 1741 609 1784; x_wconf 82' lang='lat' dir='ltr'>essct,</span> <span class='ocrx_word' id='word_1_184' title='bbox 646 1741 790 1776; x_wconf 76' lang='lat' dir='ltr'>tamen</span> <span class='ocrx_word' id='word_1_185' title='bbox 830 1735 911 1777; x_wconf 88' lang='lat' dir='ltr'>sibi</span> <span class='ocrx_word' id='word_1_186' title='bbox 949 1744 1158 1792; x_wconf 64' lang='lat' dir='ltr'>perpetuo&gt;</span> <span class='ocrx_word' id='word_1_187' title='bbox 1198 1735 1406 1778; x_wconf 66' lang='lat' dir='ltr'>constitit,</span> <span class='ocrx_word' id='word_1_188' title='bbox 1455 1736 1590 1778; x_wconf 88' lang='lat' dir='ltr'>lmmo</span> <span class='ocrx_word' id='word_1_189' title='bbox 1634 1734 1764 1776; x_wconf 71' lang='lat' dir='ltr'>crevit,</span> <span class='ocrx_word' id='word_1_190' title='bbox 1809 1733 1853 1775; x_wconf 89' lang='lat' dir='ltr'>in</span> <span class='ocrx_word' id='word_1_191' title='bbox 1891 1732 1989 1775; x_wconf 72' lang='lat' dir='ltr'>dies-</span> 
     </span>
     <span class='ocr_line' id='line_1_27' title="bbox 475 1793 1983 1854; baseline -0.002 -17"><span class='ocrx_word' id='word_1_192' title='bbox 475 1793 600 1843; x_wconf 81' lang='lat' dir='ltr'>adeo,</span> <span class='ocrx_word' id='word_1_193' title='bbox 639 1802 684 1836; x_wconf 89' lang='lat' dir='ltr'>ut</span> <span class='ocrx_word' id='word_1_194' title='bbox 717 1793 844 1838; x_wconf 85' lang='lat' dir='ltr'>bodie</span> <span class='ocrx_word' id='word_1_195' title='bbox 875 1794 1017 1838; x_wconf 83' lang='lat' dir='ltr'>adbuc</span> <span class='ocrx_word' id='word_1_196' title='bbox 1049 1796 1114 1838; x_wconf 83' lang='lat' dir='ltr'>bis</span> <span class='ocrx_word' id='word_1_197' title='bbox 1136 1803 1312 1839; x_wconf 83' lang='lat' dir='ltr'>centum</span> <span class='ocrx_word' id='word_1_198' title='bbox 1344 1803 1386 1838; x_wconf 84' lang='lat' dir='ltr'>et</span> <span class='ocrx_word' id='word_1_199' title='bbox 1409 1804 1595 1854; x_wconf 83' lang='lat' dir='ltr'>quatuor</span> <span class='ocrx_word' id='word_1_200' title='bbox 1628 1795 1751 1837; x_wconf 77' lang='lat' dir='ltr'>annis</span> <span class='ocrx_word' id='word_1_201' title='bbox 1774 1801 1867 1851; x_wconf 80' lang='lat' dir='ltr'>post</span> <span class='ocrx_word' id='word_1_202' title='bbox 1890 1793 1983 1835; x_wconf 81' lang='lat' dir='ltr'>cius</span> 
     </span>
     <span class='ocr_line' id='line_1_28' title="bbox 479 1853 1982 1915; baseline -0.001 -18"><span class='ocrx_word' id='word_1_203' title='bbox 479 1864 662 1898; x_wconf 87' lang='lat' dir='ltr'>mortem</span> <span class='ocrx_word' id='word_1_204' title='bbox 697 1855 832 1912; x_wconf 78' lang='lat' dir='ltr'>vigeat</span> <span class='ocrx_word' id='word_1_205' title='bbox 876 1871 1004 1915; x_wconf 81' lang='lat' dir='ltr'>quam</span> <span class='ocrx_word' id='word_1_206' title='bbox 1047 1856 1253 1899; x_wconf 79' lang='lat' dir='ltr'>maxime.</span> <span class='ocrx_word' id='word_1_207' title='bbox 1302 1858 1502 1900; x_wconf 86' lang='lat' dir='ltr'>Ceterum</span> <span class='ocrx_word' id='word_1_208' title='bbox 1547 1856 1701 1899; x_wconf 83' lang='lat' dir='ltr'>vivunt</span> <span class='ocrx_word' id='word_1_209' title='bbox 1742 1853 1982 1897; x_wconf 76' lang='lat' dir='ltr'>hodiedum</span> 
     </span>
     <span class='ocr_line' id='line_1_29' title="bbox 476 1913 1981 1974; baseline -0.001 -16"><span class='ocrx_word' id='word_1_210' title='bbox 476 1916 568 1959; x_wconf 84' lang='lat' dir='ltr'>cius</span> <span class='ocrx_word' id='word_1_211' title='bbox 602 1914 731 1966; x_wconf 78' lang='lat' dir='ltr'>tiliae,</span> <span class='ocrx_word' id='word_1_212' title='bbox 765 1931 876 1973; x_wconf 85' lang='lat' dir='ltr'>quae</span> <span class='ocrx_word' id='word_1_213' title='bbox 910 1916 1115 1973; x_wconf 73' lang='lat' dir='ltr'>pietate-un</span> <span class='ocrx_word' id='word_1_214' title='bbox 1148 1933 1173 1960; x_wconf 87' lang='lat' dir='ltr'>a</span> <span class='ocrx_word' id='word_1_215' title='bbox 1204 1916 1447 1961; x_wconf 76' lang='lat' dir='ltr'>admirabili</span> <span class='ocrx_word' id='word_1_216' title='bbox 1484 1926 1624 1959; x_wconf 76' lang='lat' dir='ltr'>matre</span> <span class='ocrx_word' id='word_1_217' title='bbox 1653 1913 1981 1974; x_wconf 78' lang='lat' dir='ltr'>quodammodo</span> 
     </span>
     <span class='ocr_line' id='line_1_30' title="bbox 478 1975 1989 2036; baseline -0.001 -18"><span class='ocrx_word' id='word_1_218' title='bbox 478 1975 715 2019; x_wconf 85' lang='lat' dir='ltr'>hereditate</span> <span class='ocrx_word' id='word_1_219' title='bbox 749 1985 970 2035; x_wconf 74' lang='lat' dir='ltr'>acceptam</span> <span class='ocrx_word' id='word_1_220' title='bbox 1003 1977 1170 2036; x_wconf 72' lang='lat' dir='ltr'>integre</span> <span class='ocrx_word' id='word_1_221' title='bbox 1198 1985 1387 2021; x_wconf 79' lang='lat' dir='ltr'>servant.</span> <span class='ocrx_word' id='word_1_222' title='bbox 1424 1975 1618 2032; x_wconf 80' lang='lat' dir='ltr'>Qucbcci</span> <span class='ocrx_word' id='word_1_223' title='bbox 1641 1985 1683 2019; x_wconf 81' lang='lat' dir='ltr'>et</span> <span class='ocrx_word' id='word_1_224' title='bbox 1705 1976 1863 2019; x_wconf 72' lang='lat' dir='ltr'>&#39;l&#39;ribus</span> <span class='ocrx_word' id='word_1_225' title='bbox 1884 1975 1989 2017; x_wconf 82' lang='lat' dir='ltr'>Flu-</span> 
     </span>
     <span class='ocr_line' id='line_1_31' title="bbox 480 2035 1990 2094; baseline -0.001 -16"><span class='ocrx_word' id='word_1_226' title='bbox 480 2036 669 2079; x_wconf 88' lang='lat' dir='ltr'>minibus</span> <span class='ocrx_word' id='word_1_227' title='bbox 704 2036 802 2094; x_wconf 82' lang='lat' dir='ltr'>piae</span> <span class='ocrx_word' id='word_1_228' title='bbox 830 2037 1250 2082; x_wconf 81' lang='lat' dir='ltr'>adolescentularum</span> <span class='ocrx_word' id='word_1_229' title='bbox 1298 2038 1549 2081; x_wconf 87' lang='lat' dir='ltr'>institutioni</span> <span class='ocrx_word' id='word_1_230' title='bbox 1589 2036 1783 2080; x_wconf 86' lang='lat' dir='ltr'>sedulam</span> <span class='ocrx_word' id='word_1_231' title='bbox 1819 2035 1990 2094; x_wconf 84' lang='lat' dir='ltr'>peruti-</span> 
     </span>
     <span class='ocr_line' id='line_1_32' title="bbox 480 2096 1991 2158; baseline -0.001 -19"><span class='ocrx_word' id='word_1_232' title='bbox 480 2096 652 2155; x_wconf 78' lang='lat' dir='ltr'>lcmque</span> <span class='ocrx_word' id='word_1_233' title='bbox 686 2113 865 2155; x_wconf 79' lang='lat' dir='ltr'>operam</span> <span class='ocrx_word' id='word_1_234' title='bbox 898 2108 1076 2149; x_wconf 78' lang='lat' dir='ltr'>navant;</span> <span class='ocrx_word' id='word_1_235' title='bbox 1114 2114 1247 2158; x_wconf 86' lang='lat' dir='ltr'>quare</span> <span class='ocrx_word' id='word_1_236' title='bbox 1279 2098 1443 2155; x_wconf 83' lang='lat' dir='ltr'>optimc</span> <span class='ocrx_word' id='word_1_237' title='bbox 1475 2098 1533 2141; x_wconf 90' lang='lat' dir='ltr'>de·</span> <span class='ocrx_word' id='word_1_238' title='bbox 1562 2097 1734 2141; x_wconf 70' lang='lat' dir='ltr'>[amittis</span> <span class='ocrx_word' id='word_1_239' title='bbox 1760 2096 1991 2140; x_wconf 83' lang='lat' dir='ltr'>Canadcn—</span> 
     </span>
     <span class='ocr_line' id='line_1_33' title="bbox 480 2155 1980 2218; baseline -0.001 -18"><span class='ocrx_word' id='word_1_240' title='bbox 480 2157 601 2200; x_wconf 86' lang='lat' dir='ltr'>sibus</span> <span class='ocrx_word' id='word_1_241' title='bbox 631 2168 885 2208; x_wconf 75' lang='lat' dir='ltr'>merentur,</span> <span class='ocrx_word' id='word_1_242' title='bbox 920 2175 1029 2218; x_wconf 86' lang='lat' dir='ltr'>quae</span> <span class='ocrx_word' id='word_1_243' title='bbox 1063 2161 1246 2203; x_wconf 83' lang='lat' dir='ltr'>maltum</span> <span class='ocrx_word' id='word_1_244' title='bbox 1280 2158 1484 2216; x_wconf 71' lang='lat' dir='ltr'>religiosis</span> <span class='ocrx_word' id='word_1_245' title='bbox 1526 2158 1607 2202; x_wconf 88' lang='lat' dir='ltr'>illis</span> <span class='ocrx_word' id='word_1_246' title='bbox 1643 2157 1897 2201; x_wconf 85' lang='lat' dir='ltr'>mulieribus</span> <span class='ocrx_word' id='word_1_247' title='bbox 1931 2155 1980 2198; x_wconf 84' lang='lat' dir='ltr'>li·</span> 
     </span>
     <span class='ocr_line' id='line_1_34' title="bbox 481 2217 1985 2278; baseline -0.001 -18"><span class='ocrx_word' id='word_1_248' title='bbox 481 2217 606 2269; x_wconf 89' lang='lat' dir='ltr'>dunt;</span> <span class='ocrx_word' id='word_1_249' title='bbox 639 2234 772 2275; x_wconf 80' lang='lat' dir='ltr'>quare</span> <span class='ocrx_word' id='word_1_250' title='bbox 807 2218 908 2277; x_wconf 80' lang='lat' dir='ltr'>ipsis</span> <span class='ocrx_word' id='word_1_251' title='bbox 930 2220 1015 2263; x_wconf 84' lang='lat' dir='ltr'>suis</span> <span class='ocrx_word' id='word_1_252' title='bbox 1047 2220 1254 2278; x_wconf 87' lang='lat' dir='ltr'>operibus</span> <span class='ocrx_word' id='word_1_253' title='bbox 1287 2220 1435 2263; x_wconf 82' lang='lat' dir='ltr'>matris</span> <span class='ocrx_word' id='word_1_254' title='bbox 1467 2218 1731 2262; x_wconf 68' lang='lat' dir='ltr'>sanctitatem</span> <span class='ocrx_word' id='word_1_255' title='bbox 1760 2224 1985 2261; x_wconf 83' lang='lat' dir='ltr'>testantur.</span> 
     </span>
    </p>

    <p class='ocr_par' dir='ltr' id='par_1_6' title="bbox 483 2277 1995 2746">
     <span class='ocr_line' id='line_1_35' title="bbox 605 2277 1991 2338; baseline -0.001 -18"><span class='ocrx_word' id='word_1_256' title='bbox 605 2280 695 2321; x_wconf 88' lang='lat' dir='ltr'>lam</span> <span class='ocrx_word' id='word_1_257' title='bbox 728 2278 813 2322; x_wconf 90' lang='lat' dir='ltr'>duo</span> <span class='ocrx_word' id='word_1_258' title='bbox 845 2288 887 2323; x_wconf 88' lang='lat' dir='ltr'>ct</span> <span class='ocrx_word' id='word_1_259' title='bbox 924 2280 1109 2338; x_wconf 73' lang='lat' dir='ltr'>amplius</span> <span class='ocrx_word' id='word_1_260' title='bbox 1145 2280 1316 2324; x_wconf 90' lang='lat' dir='ltr'>saecula</span> <span class='ocrx_word' id='word_1_261' title='bbox 1361 2279 1508 2337; x_wconf 85' lang='lat' dir='ltr'>populi</span> <span class='ocrx_word' id='word_1_262' title='bbox 1541 2279 1697 2322; x_wconf 85' lang='lat' dir='ltr'>liducia</span> <span class='ocrx_word' id='word_1_263' title='bbox 1738 2278 1780 2322; x_wconf 94' lang='lat' dir='ltr'>in</span> <span class='ocrx_word' id='word_1_264' title='bbox 1816 2277 1895 2320; x_wconf 85' lang='lat' dir='ltr'>Dei</span> <span class='ocrx_word' id='word_1_265' title='bbox 1930 2277 1991 2319; x_wconf 90' lang='lat' dir='ltr'>l&#39;a-</span> 
     </span>
     <span class='ocr_line' id='line_1_36' title="bbox 483 2337 1991 2399; baseline -0.002 -17"><span class='ocrx_word' id='word_1_266' title='bbox 483 2339 644 2382; x_wconf 89' lang='lat' dir='ltr'>mulam</span> <span class='ocrx_word' id='word_1_267' title='bbox 679 2340 895 2396; x_wconf 73' lang='lat' dir='ltr'>ingentem</span> <span class='ocrx_word' id='word_1_268' title='bbox 931 2356 975 2384; x_wconf 83' lang='lat' dir='ltr'>se</span> <span class='ocrx_word' id='word_1_269' title='bbox 1008 2341 1151 2399; x_wconf 84' lang='lat' dir='ltr'>prodit</span> <span class='ocrx_word' id='word_1_270' title='bbox 1173 2349 1215 2384; x_wconf 82' lang='lat' dir='ltr'>et</span> <span class='ocrx_word' id='word_1_271' title='bbox 1252 2341 1538 2384; x_wconf 88' lang='lat' dir='ltr'>unanimem:</span> <span class='ocrx_word' id='word_1_272' title='bbox 1574 2340 1706 2383; x_wconf 87' lang='lat' dir='ltr'>immo</span> <span class='ocrx_word' id='word_1_273' title='bbox 1738 2337 1991 2382; x_wconf 77' lang='lat' dir='ltr'>confirmata</span> 
     </span>
     <span class='ocr_line' id='line_1_37' title="bbox 484 2396 1992 2458; baseline -0.001 -17"><span class='ocrx_word' id='word_1_274' title='bbox 484 2398 653 2442; x_wconf 72' lang='lat' dir='ltr'>videtur</span> <span class='ocrx_word' id='word_1_275' title='bbox 685 2401 827 2444; x_wconf 82' lang='lat' dir='ltr'>nudtis</span> <span class='ocrx_word' id='word_1_276' title='bbox 858 2402 1155 2446; x_wconf 83' lang='lat' dir='ltr'>curationibus</span> <span class='ocrx_word' id='word_1_277' title='bbox 1189 2409 1360 2458; x_wconf 78' lang='lat' dir='ltr'>practer</span> <span class='ocrx_word' id='word_1_278' title='bbox 1389 2409 1641 2445; x_wconf 87' lang='lat' dir='ltr'>consuetum</span> <span class='ocrx_word' id='word_1_279' title='bbox 1676 2408 1852 2443; x_wconf 83' lang='lat' dir='ltr'>naturae</span> <span class='ocrx_word' id='word_1_280' title='bbox 1873 2396 1992 2440; x_wconf 93' lang='lat' dir='ltr'>ordi-</span> 
     </span>
     <span class='ocr_line' id='line_1_38' title="bbox 485 2460 1988 2522; baseline -0.001 -20"><span class='ocrx_word' id='word_1_281' title='bbox 485 2475 601 2509; x_wconf 88' lang='lat' dir='ltr'>nem,</span> <span class='ocrx_word' id='word_1_282' title='bbox 637 2470 680 2504; x_wconf 88' lang='lat' dir='ltr'>ct</span> <span class='ocrx_word' id='word_1_283' title='bbox 713 2460 806 2504; x_wconf 91' lang='lat' dir='ltr'>aliis</span> <span class='ocrx_word' id='word_1_284' title='bbox 837 2463 989 2520; x_wconf 73' lang='lat' dir='ltr'>signis,</span> <span class='ocrx_word' id='word_1_285' title='bbox 1021 2478 1134 2522; x_wconf 82' lang='lat' dir='ltr'>quae</span> <span class='ocrx_word' id='word_1_286' title='bbox 1169 2462 1279 2505; x_wconf 88' lang='lat' dir='ltr'>illius</span> <span class='ocrx_word' id='word_1_287' title='bbox 1311 2461 1707 2520; x_wconf 82' lang='lat' dir='ltr'>deprecationibus,</span> <span class='ocrx_word' id='word_1_288' title='bbox 1740 2473 1870 2518; x_wconf 84' lang='lat' dir='ltr'>quam</span> <span class='ocrx_word' id='word_1_289' title='bbox 1895 2473 1988 2501; x_wconf 89' lang='lat' dir='ltr'>san-</span> 
     </span>
     <span class='ocr_line' id='line_1_39' title="bbox 484 2518 1987 2581; baseline -0.002 -17"><span class='ocrx_word' id='word_1_290' title='bbox 484 2528 594 2564; x_wconf 83' lang='lat' dir='ltr'>ctam</span> <span class='ocrx_word' id='word_1_291' title='bbox 628 2531 817 2573; x_wconf 85' lang='lat' dir='ltr'>censent,</span> <span class='ocrx_word' id='word_1_292' title='bbox 854 2532 1019 2581; x_wconf 87' lang='lat' dir='ltr'>patrata</span> <span class='ocrx_word' id='word_1_293' title='bbox 1053 2523 1187 2567; x_wconf 80' lang='lat' dir='ltr'>suere.</span> <span class='ocrx_word' id='word_1_294' title='bbox 1223 2522 1308 2566; x_wconf 85' lang='lat' dir='ltr'>Nisi</span> <span class='ocrx_word' id='word_1_295' title='bbox 1341 2522 1463 2581; x_wconf 91' lang='lat' dir='ltr'>quod</span> <span class='ocrx_word' id='word_1_296' title='bbox 1494 2522 1649 2572; x_wconf 86' lang='lat' dir='ltr'>cultus,</span> <span class='ocrx_word' id='word_1_297' title='bbox 1683 2520 1755 2579; x_wconf 91' lang='lat' dir='ltr'>qui</span> <span class='ocrx_word' id='word_1_298' title='bbox 1791 2534 1903 2563; x_wconf 89' lang='lat' dir='ltr'>nunc</span> <span class='ocrx_word' id='word_1_299' title='bbox 1926 2518 1987 2562; x_wconf 91' lang='lat' dir='ltr'>illi</span> 
     </span>
     <span class='ocr_line' id='line_1_40' title="bbox 485 2578 1994 2641; baseline -0.002 -17"><span class='ocrx_word' id='word_1_300' title='bbox 485 2580 705 2633; x_wconf 83' lang='lat' dir='ltr'>defertur,</span> <span class='ocrx_word' id='word_1_301' title='bbox 734 2583 911 2627; x_wconf 87' lang='lat' dir='ltr'>interior</span> <span class='ocrx_word' id='word_1_302' title='bbox 943 2592 1005 2627; x_wconf 77' lang='lat' dir='ltr'>est.</span> <span class='ocrx_word' id='word_1_303' title='bbox 1039 2582 1360 2634; x_wconf 81' lang='lat' dir='ltr'>tantummodo,</span> <span class='ocrx_word' id='word_1_304' title='bbox 1394 2590 1524 2641; x_wconf 84' lang='lat' dir='ltr'>atque</span> <span class='ocrx_word' id='word_1_305' title='bbox 1555 2591 1846 2640; x_wconf 79' lang='lat' dir='ltr'>spontancus:</span> <span class='ocrx_word' id='word_1_306' title='bbox 1881 2586 1925 2623; x_wconf 87' lang='lat' dir='ltr'>at</span> <span class='ocrx_word' id='word_1_307' title='bbox 1948 2578 1994 2621; x_wconf 86' lang='lat' dir='ltr'>in</span> 
     </span>
     <span class='ocr_line' id='line_1_41' title="bbox 486 2639 1995 2704; baseline -0.001 -20"><span class='ocrx_word' id='word_1_308' title='bbox 486 2642 679 2685; x_wconf 73' lang='lat' dir='ltr'>omniu-m</span> <span class='ocrx_word' id='word_1_309' title='bbox 716 2644 825 2687; x_wconf 91' lang='lat' dir='ltr'>votis</span> <span class='ocrx_word' id='word_1_310' title='bbox 871 2654 935 2689; x_wconf 82' lang='lat' dir='ltr'>est</span> <span class='ocrx_word' id='word_1_311' title='bbox 967 2644 1056 2689; x_wconf 84' lang='lat' dir='ltr'>dies</span> <span class='ocrx_word' id='word_1_312' title='bbox 1077 2678 1088 2696; x_wconf 88' lang='lat'><em>,</em></span> <span class='ocrx_word' id='word_1_313' title='bbox 1124 2661 1209 2704; x_wconf 87' lang='lat' dir='ltr'>qua</span> <span class='ocrx_word' id='word_1_314' title='bbox 1255 2644 1494 2687; x_wconf 83' lang='lat' dir='ltr'>solemnem</span> <span class='ocrx_word' id='word_1_315' title='bbox 1530 2643 1586 2687; x_wconf 91' lang='lat' dir='ltr'>illi</span> <span class='ocrx_word' id='word_1_316' title='bbox 1624 2643 1788 2686; x_wconf 88' lang='lat' dir='ltr'>cultum</span> <span class='ocrx_word' id='word_1_317' title='bbox 1822 2639 1995 2687; x_wconf 63' lang='lat' dir='ltr'>deleri-e</span> 
     </span>
     <span class='ocr_line' id='line_1_42' title="bbox 488 2702 630 2746; baseline 0 0"><span class='ocrx_word' id='word_1_318' title='bbox 488 2702 630 2746; x_wconf 87' lang='lat' dir='ltr'>liceat.</span> 
     </span>
    </p>

    <p class='ocr_par' dir='ltr' id='par_1_7' title="bbox 488 2761 2000 2944">
     <span class='ocr_line' id='line_1_43' title="bbox 610 2761 1991 2823; baseline 0.002 -15"><span class='ocrx_word' id='word_1_319' title='bbox 610 2766 670 2808; x_wconf 87' lang='lat' dir='ltr'>Ex</span> <span class='ocrx_word' id='word_1_320' title='bbox 704 2765 1018 2811; x_wconf 84' lang='lat' dir='ltr'>introductione</span> <span class='ocrx_word' id='word_1_321' title='bbox 1049 2767 1174 2811; x_wconf 86' lang='lat' dir='ltr'>buius</span> <span class='ocrx_word' id='word_1_322' title='bbox 1205 2781 1358 2812; x_wconf 85' lang='lat' dir='ltr'>causae</span> <span class='ocrx_word' id='word_1_323' title='bbox 1381 2766 1486 2810; x_wconf 81' lang='lat' dir='ltr'>bace</span> <span class='ocrx_word' id='word_1_324' title='bbox 1510 2763 1831 2823; x_wconf 69' lang='lat' dir='ltr'>proficiscentur</span> <span class='ocrx_word' id='word_1_325' title='bbox 1857 2761 1991 2811; x_wconf 74' lang='lat' dir='ltr'>bona,</span> 
     </span>
     <span class='ocr_line' id='line_1_44' title="bbox 490 2824 1993 2887; baseline -0.001 -21"><span class='ocrx_word' id='word_1_326' title='bbox 490 2824 657 2882; x_wconf 85' lang='lat' dir='ltr'>pietatis</span> <span class='ocrx_word' id='word_1_327' title='bbox 690 2842 847 2885; x_wconf 88' lang='lat' dir='ltr'>nempe</span> <span class='ocrx_word' id='word_1_328' title='bbox 880 2828 926 2872; x_wconf 90' lang='lat' dir='ltr'>in</span> <span class='ocrx_word' id='word_1_329' title='bbox 960 2830 1099 2872; x_wconf 89' lang='lat' dir='ltr'>Deum</span> <span class='ocrx_word' id='word_1_330' title='bbox 1134 2828 1313 2887; x_wconf 80' lang='lat' dir='ltr'>eiusque</span> <span class='ocrx_word' id='word_1_331' title='bbox 1344 2835 1511 2871; x_wconf 87' lang='lat' dir='ltr'>sanctos</span> <span class='ocrx_word' id='word_1_332' title='bbox 1534 2825 1872 2873; x_wconf 84' lang='lat' dir='ltr'>incrementum,</span> <span class='ocrx_word' id='word_1_333' title='bbox 1900 2830 1993 2864; x_wconf 87' lang='lat' dir='ltr'>tum</span> 
     </span>
     <span class='ocr_line' id='line_1_45' title="bbox 488 2881 2000 2944; baseline -0.001 -16"><span class='ocrx_word' id='word_1_334' title='bbox 488 2886 751 2944; x_wconf 75' lang='lat' dir='ltr'>gratissimus</span> <span class='ocrx_word' id='word_1_335' title='bbox 783 2888 1026 2933; x_wconf 83' lang='lat' dir='ltr'>animorum</span> <span class='ocrx_word' id='word_1_336' title='bbox 1072 2905 1222 2934; x_wconf 82' lang='lat' dir='ltr'>sensus</span> <span class='ocrx_word' id='word_1_337' title='bbox 1255 2890 1298 2933; x_wconf 93' lang='lat' dir='ltr'>in</span> <span class='ocrx_word' id='word_1_338' title='bbox 1332 2890 1536 2934; x_wconf 84' lang='lat' dir='ltr'>Sanctam</span> <span class='ocrx_word' id='word_1_339' title='bbox 1579 2888 1820 2931; x_wconf 82' lang='lat' dir='ltr'>Romanam</span> <span class='ocrx_word' id='word_1_340' title='bbox 1855 2881 2000 2927; x_wconf 79' lang='lat' dir='ltr'>Eccle-</span> 
     </span>
    </p>
   </div>
   <div class='ocr_carea' id='block_1_4' title="bbox 2428 0 2688 3568">
    <p class='ocr_par' dir='ltr' id='par_1_8' title="bbox 2428 0 2688 3568">
     <span class='ocr_line' id='line_1_46' title="bbox 2428 0 2688 3568; baseline 0 0"><span class='ocrx_word' id='word_1_341' title='bbox 2428 0 2688 3568; x_wconf 95' lang='lat' dir='ltr'> </span> 
     </span>
    </p>
   </div>
  </div>
 </body>
</html>
