2656 3616
736 45 874 56 -ς-ε--ψ-
884 49 1025 60 ...αα-ωπ-
1557 60 1561 63 ,
1725 57 1791 62 »ἡ

721 262 753 309 8

723 336 878 382 inferni
913 353 1073 397 poenas
1103 335 1157 381 ad
1191 335 1376 381 extremi
1413 335 1556 381 iudicii
1590 334 1705 381 diem
1731 352 1809 407 ριο
1832 336 1910 382 bae
1932 352 2056 383 causa
2097 337 2207 385 ultro

718 398 987 457 libenterque
1006 398 1241 442 tolerasset.
1267 397 1361 440 Uno
1385 397 1519 441 verbo
1541 397 1655 441 dicta
1679 398 1794 457 regio
1809 398 2070 443 Cunadensis
2087 399 2209 444 dein-

718 474 818 517 ceps
850 459 1046 503 omnium
1079 460 1238 503 Sorvae
1270 457 1352 501 Dei
1384 457 1691 516 cogitationum
1725 466 1767 502 et
1791 466 1990 502 votorum
2012 461 2206 505 omnium

718 519 857 563 extitit
891 527 1022 563 meta.
1058 520 1197 574 Quam
1234 516 1411 561 tandem
1446 519 1604 570 multis,
1640 527 1683 562 et
1713 518 1973 578 gravissimis
1994 520 2204 578 superatis

717 578 944 623 obstaculis
976 578 1134 623 Eadem
1171 587 1360 623 assecuta
1393 587 1453 622 cst
1486 594 1583 623 cum
1617 579 1790 637 expleto
1825 579 1955 622 trium
1990 581 2202 625 mensium

720 640 872 683 itinere
905 648 947 683 et
982 639 1053 683 illo
1084 639 1263 710 quidem
1299 639 1493 690 molesto,
1528 648 1568 683 et
1598 639 1797 697 perieulis
1818 639 1946 709 pleno
1966 655 2061 683 cum
2084 642 2207 686 sociis

718 699 790 743 dic
820 699 961 759 prima
977 699 1162 758 Augusti
1195 698 1296 744 anni
1318 699 1533 743 millesimi
1554 700 1853 743 sexcentesimi
1877 699 2079 758 trigesimi
2105 705 2205 745 noni

717 758 770 803 ad
787 760 978 816 Quebeci
1003 776 1097 804 oras
1112 760 1299 819 gestiens
1316 775 1420 818 prae
1442 759 1599 817 gaudio
1632 759 1802 817 appulit
1834 757 1979 818 (Sum.
1997 775 2116 804 num.
2131 763 2204 805 tv.

718 836 817 879 pag
854 821 1041 881 30-49).

595 883 670 926 lO.
706 883 787 924 Tot
823 889 1028 939 tantaque
1062 880 1102 923 in
1135 878 1379 924 Canadensi
1415 879 1589 938 regione
1628 888 1801 938 operata
1845 887 1910 923 est
1950 881 2084 925 Serva
2127 882 2208 927 Dei

719 943 848 986 Soror
881 942 1010 985 Maria
1043 941 1099 984 ab
1131 940 1429 984 incarnatione
1449 942 1679 999 praecipue
1706 956 1785 999 pro
1808 939 1944 983 salute
1965 941 2206 986 animarum

720 1010 764 1045 ut
800 1017 884 1045 non
920 1001 1137 1044 immerito
1169 1001 1248 1044 hac
1281 1000 1320 1043 in
1357 1015 1402 1043 re
1435 1001 1649 1058 Apostolis
1680 1009 1970 1058 comparetur,
1996 1009 2038 1043 et
2058 1016 2083 1044 a
2108 1002 2209 1046 viris

717 1062 911 1105 doctrina
945 1070 988 1104 ct
1022 1061 1179 1104 virtute
1218 1060 1564 1119 praeclarissimis
1597 1061 1823 1105 Amcricue
1854 1060 2209 1118 Sept.⁴3ntrionalis

719 1122 796 1165 ssos
828 1121 1116 1164 communiter
1149 1120 1412 1179 appelletur.
1449 1122 1495 1164 Et
1531 1136 1634 1164 vero
1667 1121 1838 1180 triginta
1863 1121 2000 1164 tribus
2021 1121 2145 1166 annis
2168 1123 2208 1166 in

721 1182 834 1226 dicta
871 1182 1046 1240 regione
1077 1182 1211 1226 Serva
1245 1181 1324 1224 Dei
1358 1181 1616 1225 adlaborans
1648 1182 1808 1225 nedum
1841 1181 2057 1225 Catholiea
2096 1181 2210 1226 Reli-

723 1242 866 1299 gione,
904 1250 947 1285 et
980 1242 1167 1285 honestis
1199 1255 1370 1284 morum
1395 1242 1633 1299 praereptis
1658 1242 1750 1285 illos
1772 1243 1953 1299 populos
1979 1250 2079 1284 tunc
2104 1251 2211 1285 tem·

721 1303 836 1360 poris
868 1302 1065 1346 efferatos
1095 1310 1137 1345 et
1169 1303 1397 1358 sylvestres
1431 1301 1627 1344 imbuere
1657 1302 1824 1359 sategit,
1861 1301 1937 1344 sed
1972 1309 2014 1345 et
2052 1302 2106 1346 ad
2145 1303 2201 1346 hu

722 1363 939 1405 manitatis
973 1370 1015 1405 et
1045 1362 1183 1406 civilis
1218 1362 1328 1405 vitae
1350 1377 1498 1404 sensus
1519 1361 1609 1404 sive
1633 1362 1916 1406 hortamentis
1937 1363 2026 1405 sive
2053 1363 2212 1406 doctri·-

721 1422 784 1465 nis
802 1422 892 1466 sive
916 1423 1108 1466 omnium
1133 1422 1340 1467 virtutum
1367 1422 1593 1480 praecipue
1615 1422 1812 1465 heroicae
1833 1422 2052 1466 charitatis
2069 1438 2213 1466 exem·

721 1483 802 1541 plis
834 1483 1052 1527 adducere
1084 1484 1228 1527 studio
1264 1482 1544 1533 inflammato,
1581 1491 1730 1527 conata
1763 1491 1842 1526 est.
1894 1483 2001 1526 Hinc
2045 1484 2210 1542 absque

723 1543 880 1587 erroris
925 1544 1158 1587 formidine
1180 1578 1190 1595 ‚
1239 1544 1371 1586 immo
1406 1543 1532 1601 plena
1565 1559 1614 1586 ac
1644 1544 1759 1587 salva
1795 1543 1975 1586 veritate
2008 1543 2209 1587 affirmari

720 1612 875 1662 potest,
913 1604 1031 1662 quod
1064 1604 1097 1647 si
1133 1604 1174 1647 in
1212 1603 1553 1662 praesentiarum
1588 1603 1799 1647 Catholiea
1846 1602 2011 1661 Religio
2053 1604 2207 1655 floret,

720 1664 931 1707 Ecclesiae
965 1664 1140 1707 Ministri
1176 1664 1392 1707 habentur
1426 1663 1465 1705 in
1498 1663 1724 1720 obsequio,
1761 1671 1804 1707 et
1838 1664 1962 1721 plebs
1986 1662 2126 1708 tidelis
2150 1664 2211 1708 (li-

720 1739 823 1781 gnos
856 1723 943 1767 lide
978 1724 1134 1768 fructus
1167 1723 1341 1767 abunde
1374 1723 1571 1782 producit
1621 1723 1662 1766 in
1704 1723 1815 1767 dicta
1857 1724 2097 1768 Canadensi
2147 1740 2208 1768 re-

719 1784 861 1841 gione,
900 1784 943 1828 id
980 1792 1112 1828 totum
1150 1783 1429 1828 tribuendum
1468 1791 1531 1827 est.
1565 1783 1677 1827 curis
1710 1793 1752 1828 et
1794 1784 2013 1828 laboribus
2052 1786 2212 1830 Servae

723 1845 801 1887 Dei
834 1845 1001 1889 Sororis
1036 1845 1189 1889 Mariae
1222 1844 1278 1888 ab
1310 1845 1608 1888 lucarnatione
1629 1859 1739 1902 quae
1770 1845 1998 1888 coelestem
2031 1846 2209 1903 gloriam

720 1906 883 1949 iamdiu
918 1914 1106 1949 assecuta
1142 1905 1424 1953 ferventiores
1455 1920 1584 1962 quam
1620 1920 1716 1948 cum
1752 1905 1792 1948 in
1830 1905 1953 1948 terris
1985 1915 2130 1962 ageret
2154 1907 2212 1949 vi·

722 1974 805 2009 tam
842 1981 991 2024 preces
1024 1967 1116 2009 Deo
1150 1967 1272 2009 oll'ert
1308 1980 1387 2023 pro
1422 1965 1557 2008 fructu
1593 1965 1781 2022 copioso,
1810 1974 1847 2009 et
1885 1966 2065 2024 perenni
2103 1966 2213 2010 illius

718 2026 905 2084 regionis
924 2041 1051 2084 quam
1077 2034 1134 2069 tot
1159 2026 1248 2069 suis
1270 2025 1498 2069 sudoribus
1533 2025 1780 2083 irrigaverat
1808 2025 1995 2084 (Summ.
2016 2042 2138 2071 num.
2155 2029 2206 2071 V.

722 2102 817 2145 pag.
856 2086 1042 2144 49-6Ο).

597 2148 672 2190 Μ
711 2148 774 2189 De
809 2146 1044 2189 viututibus
1076 2162 1180 2216 quas
1214 2145 1341 2204 longo
1376 2144 1446 2189 illo
1480 2146 1609 2189 trium
1645 2153 1686 2189 et
1710 2145 1882 2205 triginta
1907 2162 2116 2192 annorum
2143 2148 2213 2191 in-

724 2207 909 2276 tervallo·
925 2207 1126 2250 heroico
1117 2223 1159 2250 ιιι
1184 2207 1320 2264 gradu
1352 2208 1483 2251 Serva
1518 2207 1597 2249 Dei
1632 2207 1825 2250 exercuit
1858 2207 1965 2251 nihil
1995 2208 2134 2252 dicam
2172 2209 2210 2252 in

723 2268 864 2326 specie
899 2266 940 2310 in
975 2268 1053 2310 hoc
1087 2262 1203 2311 vitae.
1236 2267 1280 2310 Εἴ
1288 2283 1334 2310 us
1367 2267 1588 2310 breviculo
1622 2267 1781 2326 quippe
1815 2267 1930 2325 quod
1966 2267 2019 2312 de
2040 2269 2214 2339 singulis

718 2343 821 2373 mox
855 2328 938 2370 erit
972 2329 1205 2386 nuendum,
1233 2328 1310 2371 hoc
1334 2343 1468 2370 unum
1493 2327 1663 2370 inteiim
1689 2327 2048 2380 animadvertens,
2075 2332 2210 2373 vitam

719 2389 855 2433 dictae
878 2388 986 2432 Serv
992 2404 1042 2431 ι(ἱ
1075 2388 1189 2431 De'i
1180 2404 1220 2431 ιιι
1246 2388 1424 2446 regione
1446 2388 1700 2439 Canadensi,
1728 2403 1777 2430 ac
1807 2388 2037 2446 p1·a‹(·ipue
2061 2390 2100 2433 in
2128 2391 2213 2433 Mo-

719 2448 906 2493 nasterio
938 2448 1208 2504 Quebefflnsi
1243 2450 1400 2492 seriem
1435 2462 1671 2507 numquam
1708 2449 1990 2507 interruptam
2024 2451 2211 2493 extitisse

720 2524 976 2570 poenarum,
1013 2517 1055 2552 et
1087 2509 1397 2554 adversitatum
1432 2524 1503 2566 qu
1494 2526 1537 2552 is
1571 2518 1715 2552 tamen
1753 2510 1845 2567 lpsa
1881 2525 1965 2552 non
2001 2519 2086 2553 tam
2132 2510 2211 2553 im-

723 2571 976 2639 perturbato
1006 2570 1149 2613 auimo
1184 2570 1375 2629 pertulit
1412 2584 1540 2627 quam
1576 2569 1813 2621 adamavit,
1839 2577 1883 2612 et
1916 2570 2040 2614 enixe
2072 2587 2095 2614 a
2121 2573 2211 2614 D‹o

717 2630 941 2689 expetivit,
981 2631 1094 2675 unde
1128 2631 1284 2674 thatun}
1319 2631 1475 2690 opinor
1502 2638 1546 2673 ut
1572 2632 1635 2673 1)(
1627 2645 1686 2672 us
1711 2630 1830 2673 ΙΙΙιιιιι
1858 2630 2035 2674 totidem
2063 2632 2209 2691 gratiis

718 2701 756 2737 et
792 2691 915 2735 donis
948 2692 1098 2734 coeloe!
1108 2691 1204 2734 ibus
1229 2690 1359 2735 decor
1362 2692 1494 2734 nvn-it
1518 2692 1575 2734 ob
1598 2706 1709 2761 quae
1734 2691 1860 2749 vulgo
1882 2691 2111 2736 Theresiae
2134 2693 2166 2736 C
2170 2708 2213 2735 a·

718 2752 917 2796 nadensis
951 2767 1104 2795 nomm
1140 2752 1357 2796 habuerit
1397 2754 1444 2795 Et
1479 2751 1575 2795 licet
1609 2751 1805 2796 inimicus
1840 2752 1984 2803 home,
2031 2755 2124 2796 Deo
2156 2752 2212 2796 sic

717 2814 997 2871 permittente
1031 2813 1082 2856 ad
1116 2814 1275 2857 Sorvae
1306 2814 1420 2857 Suae.
1454 2813 1656 2856 virtutem
1701 2812 1836 2870 magis
1881 2812 2207 2864 illustrandam,

715 2874 834 2918 (ιιιιιιί
870 2882 961 2916 arte
993 2883 1031 2917 et
1070 2873 1280 2917 industria
1303 2875 1352 2916 sit
1379 2881 1554 2917 conatus
1580 2881 1742 2916 tantum
1771 2873 1939 2916 virtutis
1963 2874 2209 2918 aedilicium
