2624 3568
597 236 657 279 68

604 309 756 353 veris?
800 311 843 354 ln
881 310 1020 356 Gallia
1052 325 1171 361 sane,
1209 327 1257 355 ac
1292 312 1334 355 in
1370 311 1499 355 natali
1531 312 1782 369 praesertim
1818 314 1913 357 loco
1955 314 2121 373 inquiri

597 369 654 413 de
690 370 762 414 illa
797 371 1051 422 debuissem
1089 371 1208 431 quod
1244 371 1402 416 sactum
1439 388 1524 415 non
1562 380 1640 416 est.
1695 373 1789 428 Quo
1826 373 1958 431 igitur
1995 384 2120 432 pacto

599 439 788 481 auctam,
827 432 868 474 iu
904 432 1084 492 diesque
1119 432 1253 492 magis
1287 432 1434 492 augeri
1467 448 1565 477 eam
1610 433 1788 483 dixeris,
1827 434 2118 492 quemadmo-

599 491 705 534 dum
740 492 831 550 ipsa
864 492 1193 537 Commissiouis
1225 495 1426 539 Formula
1469 510 1492 538 a
1539 495 1673 539 SSffio
1722 493 1942 553 Signanda
1979 510 2117 553 prae-

597 551 774 595 scribit!
811 553 925 608 Quin
960 555 994 598 si
1029 554 1326 599 historicorum
1368 555 1489 599 alteri
1523 554 1813 605 credendum,
1840 570 1938 599 eam
1972 557 2116 613 potius

597 610 803 656 imminui
838 614 1076 658 dicendum
1124 623 1262 668 esset3
1311 616 1369 659 uti
1409 616 1526 659 enim
1563 615 1759 674 queritur
1807 615 1926 659 testis
1971 617 2113 669 ΧΧΙΙ,

602 692 619 711 ι
660 672 846 717 allorche
880 676 1060 720 Goveau
1097 677 1304 733 pubblico
1331 677 1369 720 la
1400 692 1476 720 sua
1497 676 1628 720 storia
1652 676 1723 720 del
1747 676 1941 728 Can-adil,
1973 678 2122 721 rimasi

604 751 621 772 ι
645 734 808 792 stupita
831 750 955 780 come
991 752 1044 780 un
1081 737 1301 782 Cauadese
1324 753 1470 781 avesse
1505 745 1656 795 potuto
1692 737 1859 794 pariare
1890 751 1968 780 con
2005 745 2122 782 tanta

603 812 620 833 ι
650 793 896 852 leggerezza
913 796 1028 842 della
1050 798 1135 842 vita
1152 799 1315 842 mistica
1334 798 1445 842 della
1463 798 1596 842 Serva
1609 798 1653 842 di
1672 797 2122 858 Di0»(Sum.p.448).

604 855 717 899 Haec
742 856 1026 902 Adversarius
1059 859 1447 915 praestantissimus
1486 858 1560 918 qui
1595 858 1842 902 huiusmodi
1869 858 1979 902 adeo
2015 860 2117 911 levi,

602 930 658 959 ne
690 915 833 959 dicam
868 918 981 961 sutili
1019 918 1272 964 difficultate
1304 927 1423 963 certo
1455 920 1612 963 certius
1664 919 1854 964 ostendit
1890 919 2122 977 pessimam

596 990 642 1018 se
674 991 846 1020 eausam
880 977 1205 1023 defendendam
1238 981 1489 1038 suscepisse.
1528 981 1579 1024 Et
1612 995 1732 1028 sane,
1780 980 1840 1023 uti
1877 979 1962 1023 iam
1994 980 2118 1024 innui

597 1035 704 1080 haec
736 1039 1025 1095 argmentatio
1058 1040 1162 1083 salso
1195 1041 1363 1085 laborat
1395 1041 1634 1100 supposito,
1682 1041 1798 1101 quod
1832 1055 1992 1097 nempe
2033 1043 2123 1085 Fa-

597 1111 669 1140 ma
703 1098 950 1144 Sanctitatis
983 1101 1144 1145 Sei-vae
1193 1103 1272 1146 Dei
1324 1102 1489 1147 Sororis
1524 1102 1680 1145 Mariae
1720 1102 1774 1145 ab
1816 1101 2121 1145 lucan-natione

597 1156 881 1216 languescens
916 1160 958 1204 in
995 1163 1337 1219 praesentiarum
1380 1163 1464 1214 sit,
1514 1178 1562 1206 ac
1606 1177 1719 1220 pene
1762 1162 1953 1204 extincta
2002 1161 2122 1219 apud

596 1233 710 1270 suos,
743 1219 868 1273 idest,
913 1230 959 1264 ut
992 1238 1071 1280 ego
1098 1222 1379 1282 interpretor,
1401 1222 1763 1269 Sanctimoniales
1786 1221 2008 1264 Ursulinas
2029 1226 2118 1279 pri·

596 1293 721 1322 mum
756 1281 1074 1336 Quebeeenses,
1102 1282 1264 1328 deinde
1300 1284 1487 1343 reliquas
1520 1298 1633 1341 quae
1668 1283 1711 1326 in
1745 1282 2014 1341 quibuslibet
2048 1298 2118 1325 or-

593 1339 662 1384 bis
696 1341 896 1399 partibus
929 1343 1132 1395 existunt,
1171 1344 1249 1388 hoc
1287 1353 1431 1388 autem
1476 1352 1518 1387 et
1551 1359 1602 1387 ex
1640 1343 1760 1387 factis
1793 1342 1950 1386 falsum
1973 1343 2123 1401 appri-

601 1415 673 1444 me
716 1401 1071 1455 demonstratur,
1108 1413 1150 1447 et
1195 1421 1344 1449 recens
1392 1405 1550 1448 sactum
1598 1404 1929 1448 concludentius
1960 1411 2121 1447 asserto

596 1462 846 1507 Adversarii
877 1465 1143 1509 contrarium
1179 1466 1339 1517 existit,
1363 1465 1565 1510 videlicet
1599 1480 1806 1508 numerus
1838 1464 1932 1507 sine
1965 1479 2122 1508 nume-

595 1538 643 1566 ro
677 1523 921 1568 litterarum
947 1526 1331 1571 Postulatoriarum
1372 1542 1484 1585 quae
1518 1542 1541 1569 a
1579 1525 1743 1569 eunetis
1777 1540 1949 1583 prorsus
1984 1525 2115 1569 Ursu-

594 1583 788 1628 linai-um
823 1587 1093 1630 Monasteriis
1127 1589 1183 1632 ad
1215 1589 1446 1632 Summum
1488 1585 1742 1630 Pontificem
1779 1586 1910 1629 PtUM
1950 1586 2120 1630 Nonum

595 1645 752 1689 missae
785 1654 885 1689 suut
918 1647 1079 1705 quibus
1112 1649 1248 1692 enixis
1284 1649 1391 1691 votis
1425 1648 1481 1691 ab
1514 1648 1680 1690 Eodem
1717 1645 1984 1690 introductio
2007 1648 2118 1691 Cau-

594 1721 667 1749 sae
702 1705 908 1750 Eiusdem
941 1709 1103 1752 Servae
1136 1710 1217 1752 Dei
1251 1709 1417 1755 Sororis
1451 1708 1606 1752 Mariae
1642 1708 1699 1751 ab
1718 1707 2018 1751 incarnatione
2044 1723 2117 1750 ex-

594 1766 782 1824 quiritur
816 1783 892 1825 pro
925 1769 1165 1813 obtinenda
1199 1770 1242 1813 in
1278 1778 1498 1828 posterum
1534 1777 1576 1812 et
1599 1769 1856 1826 quantocius
1879 1767 1996 1811 Illius
2013 1769 2122 1812 Bea-

598 1826 849 1871 tilicatione.
889 1831 1031 1888 Atque
1065 1830 1133 1873 hie
1173 1839 1319 1873 notatu
1353 1830 1532 1889 dignum
1563 1836 1626 1873 est
1664 1829 1783 1887 quod
1817 1828 2051 1879 desideria,
2079 1837 2123 1872 et

596 1897 695 1932 vota
730 1888 1032 1933 Ursulinarum
1052 1891 1302 1934 Mouialium
1346 1907 1421 1948 pro
1455 1890 1726 1949 assequenda
1776 1889 1917 1933 dictae
1955 1891 2117 1934 Servae

593 1949 675 1993 Dei
709 1950 1033 1995 Beatifieatione
1068 1967 1151 1995 non
1185 1967 1229 1995 se
1262 1952 1450 1995 {imitant
1481 1950 1537 1995 ad
1570 1951 1725 1999 verba,
1762 1960 1803 1994 et
1838 1950 1897 1994 ad
1932 1965 2080 2008 preces
2106 1985 2117 2002 ,

594 2010 671 2054 sed
702 2010 822 2068 quod
866 2012 1002 2069 pluris
1034 2020 1096 2056 est
1129 2013 1277 2069 procul
1322 2012 1459 2056 dubio
1494 2011 1760 2063 faciendum,
1796 2011 1851 2055 ad
1887 2010 1996 2055 sacta
2029 2026 2122 2054 sese

594 2071 807 2115 extendit.
846 2074 897 2116 Et
931 2089 978 2116 re
1011 2088 1112 2116 sane
1147 2089 1249 2118 vera
1274 2108 1284 2126 ‚
1335 2073 1564 2132 quodlibet
1613 2072 1918 2117 Monasterium
1960 2071 2122 2115 nedum

594 2132 784 2190 regionis
817 2134 1188 2180 Canadensis.sed
1223 2142 1266 2178 et
1301 2136 1429 2178 totius
1465 2133 1708 2183 Amet-icae,
1736 2143 1868 2193 atque
1902 2133 2033 2176 etiam
2056 2133 2123 2176 di-

594 2208 689 2237 cam
725 2195 936 2252 Europae,
978 2210 1062 2238 non
1098 2196 1212 2239 enim
1248 2195 1291 2239 in
1324 2195 1462 2240 Gallia
1495 2195 1738 2244 dnmtaxat‚
1775 2194 1852 2239 sed
1886 2201 1929 2237 et
1962 2193 2005 2236 in
2039 2195 2122 2236 lta—

594 2254 667 2305 lia,
704 2255 952 2308 Germania,
991 2256 1162 2315 Anglia,
1200 2256 1423 2308 Hibernia,
1450 2265 1491 2299 et
1526 2255 1704 2314 reliquis
1740 2257 1937 2313 Europae
1971 2253 2118 2313 regnis

593 2315 650 2360 ad
683 2331 891 2374 expensas
925 2318 1182 2361 necessarias
1229 2334 1307 2376 pro
1350 2317 1676 2361 Introductione
1728 2317 1909 2365 Causae,
1951 2323 1993 2359 et
2026 2315 2121 2358 eius

594 2392 840 2436 progressu,
877 2378 1157 2429 unanimiter,
1196 2387 1239 2422 et
1270 2378 1467 2423 certatim
1502 2377 1734 2421 concurrit.
1773 2379 1863 2420 lmo
1887 2392 1940 2419 eo
1963 2391 2028 2419 res
2050 2374 2124 2419 ad-

593 2438 724 2482 ducta
758 2445 821 2481 est
856 2446 900 2482 ut
933 2439 1075 2483 dictae
1108 2439 1312 2483 Moniales
1345 2447 1388 2483 et
1421 2439 1624 2483 alumnae
1657 2438 1957 2482 Ursulinarum
1994 2436 2121 2480 licitis

591 2497 755 2543 solatiis
788 2513 880 2543 sese
914 2500 1177 2553 abstineant,
1217 2509 1262 2545 ut
1296 2508 1517 2544 reservent
1552 2498 1779 2558 pecuniam
1825 2498 1907 2541 illis
1939 2497 2124 2541 destina·

594 2568 681 2604 tam
717 2560 771 2603 ad
806 2560 1138 2605 Beatificationis
1173 2562 1258 2606 iam
1292 2561 1432 2606 dictae
1475 2576 1687 2619 expensas
1710 2558 2000 2604 sustinendas.
2026 2559 2122 2601 Uno

594 2622 731 2666 verbo
770 2629 885 2666 tanta
921 2631 985 2666 est
1018 2623 1264 2668 Sanctitatis
1297 2624 1448 2673 Fama,
1488 2631 1711 2680 tamquam
1749 2619 2000 2665 universalis
2026 2652 2036 2670 ‚
2073 2626 2123 2663 ut

592 2683 732 2727 maior
766 2682 881 2727 haud
914 2684 1051 2742 possit
1074 2683 1333 2735 desiderari,
1371 2699 1508 2742 eaque
1545 2683 1585 2726 iu
1620 2682 1713 2726 dies
1748 2682 1883 2739 magis
1923 2680 2122 2724 firmatur

591 2753 634 2789 et
667 2744 831 2788 crescit.
868 2744 915 2788 ld
949 2752 1115 2788 constat
1148 2761 1200 2790 ex
1236 2745 1430 2789 unanimi
1457 2744 1629 2787 testium
1653 2743 1946 2801 depositione.
1966 2742 2034 2787 Sic
2059 2749 2121 2784 te-

591 2806 665 2850 stis
700 2807 755 2849 Vl
781 2806 891 2850 inter
923 2806 1009 2849 alia
1044 2806 1180 2850 multa
1212 2822 1323 2867 quae
1362 2806 1417 2850 de
1451 2805 1702 2849 huiusmodi
1736 2806 1867 2848 Fama
1903 2803 2123 2847 Sanctita-

595 2865 647 2911 tis
680 2867 877 2925 deponit,
915 2868 1020 2912 haec
1053 2867 1211 2912 habet:
1254 2888 1270 2906 ι
1311 2867 1364 2911 ΑΙ
1396 2866 1438 2911 (Ιί
1475 2866 1587 2910 fuori
1640 2866 1715 2910 del
1755 2864 1932 2911 Canada
1965 2862 2126 2923 princi-
