2656 3600
406 772 612 817 Animad.

424 834 453 894 S
488 834 533 877 4,
569 834 613 877 5.

653 282 669 324 ‘l
683 284 711 324 (5

652 355 862 413 nignitate
896 359 935 401 iu
971 358 1049 401 lioc
1082 373 1201 400 sacro
1237 357 1326 400 l'oro
1360 372 1511 400 eausae
1548 365 1863 415 pertractentur
1898 358 2006 401 adeo
2036 368 2081 403 ut
2105 359 2167 403 di-

651 419 844 475 speusai·i
879 418 1007 462 soleat
1043 433 1224 462 examen
1263 418 1303 461 iu
1342 419 1588 475 Apostolico
1639 419 1837 460 Processu
1884 418 2054 461 illorum
2108 429 2168 464 tc-

650 479 777 521 stium
813 479 1088 536 superstitum
1126 478 1167 521 iu
1203 478 1434 522 Ordinario
1467 478 1657 522 examini
1681 477 1975 521 subiectorum
1999 481 2166 537 quoties

650 539 717 581 vel
752 539 809 581 ob
843 538 1092 583 distantiam
1129 540 1335 590 locorum,
1377 540 1441 583 vel
1477 540 1534 582 ol)
1570 539 1860 596 impensarum
1886 539 2161 596 gravitatem,

652 599 718 641 vel
756 598 838 643 alia
883 601 1032 659 quavis
1077 600 1131 643 de
1173 616 1297 643 causa
1340 600 1451 644 dieta
1495 599 1706 643 examinis
1751 599 1946 656 repetitio
1990 599 2169 645 dissicilis

652 659 921 710 admodum,
959 669 999 704 et
1036 660 1313 704 incommoda
1349 661 1475 704 iiiiuis
1509 660 1575 704 vel
1613 659 1792 703 testibus
1827 659 1891 703 vel
1930 661 2167 704 l'ostulato-

650 721 768 765 ribus
804 720 948 764 futura
983 729 1111 772 essct,
1149 721 1225 764 scd
1259 720 1312 765 de
1348 722 1425 765 lioe
1459 722 1575 765 satis.

774 783 850 825 23.
890 781 1144 826 lluiusmodi
1181 782 1439 840 praenotatis
1476 780 1593 827 Fidei
1621 780 1784 824 Vindex
1806 781 2169 838 praeclarissimus

652 841 707 886 ad
743 842 946 886 trutiram
981 842 1233 900 expendens
1267 858 1487 899 processus
1512 843 1552 885 iu
1579 841 1749 885 civitate
1773 842 2045 897 Qucbeeeusi
2070 858 2170 885 cou-

649 905 780 947 feetos
817 903 872 945 ita
908 911 1252 959 argumentatur.
1294 903 1430 947 Venio
1466 903 1608 961 itaque
1643 902 1694 945 ad
1721 918 1958 961 processus.
1981 904 2169 957 Quaeret

647 963 831 1021 aliquis‘‚
870 978 946 1006 eur
981 972 1064 1007 tres
1097 963 1275 1007 conl'ceti
1298 996 1307 1013 ,
1345 963 1449 1007 dum
1502 980 1611 1007 uum
1652 963 1901 1007 sull'eeisset.
1941 962 2170 1006 Rationem

647 1023 825 1081 exponit
860 1025 948 1082 ipse
983 1025 1226 1068 Postulator
1259 1024 1298 1067 in
1326 1024 1412 1068 suis
1436 1025 1488 1068 ad
1515 1024 1896 1083 Arcliiepiseopum
1917 1023 2171 1079 Qucbeccn-

649 1099 740 1129 sem
778 1084 977 1142 precibus
1012 1100 1089 1143 pro
1126 1085 1236 1129 tertii
1274 1086 1496 1128 l‘roeessus
1531 1084 1864 1129 construetione.
1913 1106 1926 1122 u
1957 1085 2065 1128 Cum
2100 1100 2167 1127 su·

650 1145 871 1205 pradictus
907 1147 1130 1189 l’rocessus
1165 1145 1465 1190 inloruiativus
1502 1147 1633 1204 (idest
1667 1146 1849 1205 primus)
1885 1160 1969 1189 uon
2010 1144 2172 1187 videre-

651 1216 720 1251 tur
753 1206 853 1249 satis
886 1207 1125 1263 completus
1159 1207 1267 1250 alius
1301 1207 1570 1266 suppletivus
1605 1207 1736 1251 l'actus
1771 1215 1910 1250 est....
1960 1205 2034 1263 qui
2073 1220 2168 1248 cum

654 1268 811 1311 iterum
849 1266 1047 1310 videatur
1082 1283 1167 1310 uon
1200 1268 1299 1311 satis
1333 1267 1597 1326 completuS,
1642 1268 1739 1312 hine
1774 1265 2006 1325 efflagitat,
2046 1274 2168 1309 ut....

653 1328 707 1372 ad
742 1327 925 1371 alterum
959 1328 1254 1386 suppletivum
1291 1327 1623 1372 habendum...
1669 1328 1875 1373 devenire
1926 1327 2167 1383 dignetur»

656 1390 797 1447 (Proc.
836 1389 891 1430 ΙΙΙ
925 1387 997 1431 l'ol.
1037 1389 1083 1431 5.
1122 1397 1226 1446 tei-g.
1266 1396 1303 1431 et
1341 1390 1406 1449 6).
1443 1391 1602 1433 Eorum
1629 1390 1772 1448 itaque
1799 1388 1958 1432 iudicio
1982 1387 2054 1445 qui
2079 1402 2174 1429 cau-

652 1465 740 1494 sam
780 1458 1031 1507 provocant,
1072 1450 1235 1506 priores
1269 1449 1357 1492 duo
1394 1466 1613 1508 processus
1648 1449 1912 1507 incompleti,
1952 1457 1994 1491 et
2029 1448 2173 1490 miuus

656 1510 710 1554 ad
747 1524 840 1553 rem
878 1509 1020 1553 idonei
1057 1510 1348 1554 habebantur.
1387 1513 1531 1567 Quare
1568 1511 1698 1555 iidem
1737 1519 1862 1554 testes
1910 1510 1995 1552 iam
2041 1509 2082 1551 in
2125 1508 2172 1551 iis

654 1570 840 1615 examini
876 1570 1056 1614 subiecti
1090 1587 1218 1628 super
1251 1571 1405 1615 eadem
1443 1588 1486 1616 re
1522 1571 1815 1616 testimonium
1841 1571 1881 1613 iu
1911 1569 2036 1613 tertio
2058 1568 2177 1612 dixe-

656 1640 773 1676 runt.
812 1632 907 1687 Quo
940 1632 1118 1689 quidem
1157 1632 1370 1690 praeiaeto
1406 1634 1545 1677 irritas
1582 1648 1757 1691 prorsus
1780 1648 1871 1675 esse
1898 1630 2071 1674 testium
2100 1628 2174 1672 (le-

655 1692 905 1752 positiones,
945 1692 1031 1735 imo
1066 1701 1109 1735 et
1144 1693 1255 1750 ipsos
1290 1695 1514 1737 Processus
1538 1704 1723 1738 conatur
1745 1693 2046 1736 demonstrare
2063 1692 2175 1735 Cen-

656 1769 725 1798 sor
759 1760 903 1796 uoster
946 1752 1130 1795 adducta
1182 1754 1406 1797 Benedicti
1452 1756 1553 1798 xlv
1588 1754 1837 1798 auctoritate
1883 1753 1941 1796 ita
1985 1751 2176 1795 docentis

662 1837 675 1853 ι.
707 1821 936 1871 postquam
973 1813 1080 1857 sacta
1115 1822 1177 1857 est
1212 1813 1382 1857 testium
1420 1816 1738 1872 promulgatio,
1777 1824 1820 1858 et
1854 1820 2053 1872 percepta
2089 1811 2177 1855 sue-

656 1881 757 1918 runt
792 1873 1030 1925 testificata,
1070 1873 1217 1932 regula
1254 1875 1359 1918 iuris
1394 1885 1471 1926 est,
1512 1885 1556 1919 ut
1578 1876 1650 1919 alii
1675 1884 1801 1919 testes
1824 1873 2058 1917 examinari
2092 1889 2174 1916 nou

656 1934 817 1995 possint
853 1949 982 1993 super
1017 1934 1169 1978 iisdem
1220 1935 1439 1988 articulis,
1479 1946 1554 1981 aut
1605 1952 1735 1995 super
1780 1934 1969 1979 articulis
2014 1932 2177 1976 directe

657 1995 904 2046 contrariis3
942 2005 984 2039 et
1017 1996 1051 2039 si
1086 1997 1404 2048 examinentur,
1443 1998 1545 2041 nihil
1583 1998 1785 2057 probent.
1823 1999 1884 2040 lta
1918 1995 2178 2038 hahent'l'e-

657 2066 745 2101 stus
781 2056 823 2099 iu
859 2058 963 2113 Cap.
1000 2057 1295 2102 Fratcrnitatis
1329 2058 1384 2101 de
1421 2059 1562 2102 testib.
1602 2068 1643 2102 et
1678 2066 1864 2102 attestat.
1906 2078 1921 2095 υ
1968 2055 2176 2098 Duximus

660 2117 736 2161 tibi
773 2117 1143 2174 respondendum,
1179 2118 1297 2178 quod
1333 2119 1376 2162 in
1410 2119 1712 2177 appellationis
1735 2136 1861 2163 esuisa
1884 2118 1917 2161 si
1945 2132 2053 2160 nova
2077 2131 2176 2158 eon-

660 2177 803 2236 tigerit
846 2192 1068 2235 emergere
1114 2180 1300 2237 eapitula
1334 2195 1464 2237 super
1496 2180 1660 2239 quihus
1694 2180 1838 2239 aliqua
1873 2178 2060 2238 partium
2097 2191 2179 2218 vo-

659 2239 789 2283 luerit
823 2254 956 2282 novos
991 2247 1117 2283 testes
1152 2240 1358 2285 iuducere
1380 2275 1389 2292 ,
1428 2242 1494 2284 vel
1530 2257 1609 2299 per
1644 2242 1725 2285 iam
1778 2249 1972 2298 receptos
2014 2236 2178 2295 aliquid

659 2300 960 2357 comprobare,
999 2316 1071 2344 eos
1104 2302 1321 2345 credimus
1356 2317 1478 2360 posse
1515 2303 1648 2360 recipi
1681 2318 1810 2360 super
1843 2301 1967 2345 novis
2004 2298 2176 2341 dumta-

659 2368 730 2403 xat
764 2360 978 2418 capitulis.
1004 2386 1032 2393 —
1055 2363 1162 2405 Cum
1198 2379 1284 2421 quo
1317 2362 1548 2407 coneordat
1583 2371 1722 2407 textus
1758 2364 1799 2406 in
1834 2358 2101 2407 Clementina
2129 2358 2173 2400 2.

659 2422 714 2465 de
737 2421 937 2465 Testibus
962 2422 1052 2466 ubi:
1082 2424 1311 2467 «Testibus
1336 2425 1415 2467 rite
1449 2424 1643 2482 receptis,
1660 2433 1701 2467 et
1726 2439 1875 2468 eorum
1899 2418 2176 2466 attestationi-

658 2482 742 2525 bus
778 2482 1024 2539 publicatis,
1062 2483 1170 2527 sicut
1204 2500 1288 2528 non
1323 2485 1421 2529 licet
1453 2501 1582 2543 super
1606 2485 1768 2529 eisdem
1794 2486 1858 2529 vel
1883 2484 2044 2528 directe
2080 2494 2180 2522 eou-

661 2543 802 2585 trariis
836 2543 1022 2587 articulis
1056 2543 1190 2596 alios,
1231 2546 1296 2590 vet
1331 2546 1506 2590 eosdem
1545 2555 1672 2589 testes
1711 2546 1752 2589 in
1788 2543 2014 2604 principali
2049 2556 2175 2585 causa

659 2603 917 2662 producere,
954 2605 1012 2648 sic
1047 2621 1131 2648 non
1165 2605 1295 2650 dehet
1329 2606 1370 2650 in
1406 2607 1706 2666 appellationis
1740 2623 1863 2652 causa
1898 2607 2043 2654 licere,
2080 2616 2178 2645 cum

660 2679 745 2707 nou
782 2664 927 2708 minus
960 2664 1001 2708 in
1037 2666 1420 2725 appellationibus,
1458 2684 1590 2727 quain
1626 2668 1667 2712 in
1701 2668 1929 2727 principali
1965 2680 2089 2709 causa
2115 2677 2182 2705 su-

659 2724 860 2769 bornatio
894 2726 946 2770 sit
981 2726 1174 2771 timenda
1204 2749 1220 2767 ι
1250 2728 1493 2788 (Benedict.
1530 2730 1648 2773 XlV.
1686 2729 1765 2773 lib.
1797 2732 1848 2773 11.
1877 2730 1905 2773 Ι.
1934 2729 1992 2772 53
2016 2742 2058 2769 n.
2080 2722 2175 2782 llO).

662 2788 713 2829 Et
746 2786 957 2844 optimam
990 2788 1173 2847 quidem
1207 2798 1354 2834 auctor
1386 2789 1575 2849 assignat
1617 2805 1787 2834 causam
1816 2813 1830 2829 α
1860 2792 1971 2834 saeta
2018 2785 2179 2847 quippe

662 2847 836 2891 testium
871 2850 1221 2908 promulgatione
1256 2859 1353 2909 post
1385 2851 1582 2910 elapsum
1617 2851 1849 2896 terminum
1877 2846 2175 2914 probationis,

663 2916 810 2966 partes
844 2918 1104 2969 cognoscunt
1148 2911 1252 2970 quid
1288 2927 1311 2955 a
1348 2911 1527 2956 testibus
1561 2912 1725 2958 dictum
1759 2914 1828 2966 sit,
1856 2913 2050 2971 nihilque
2084 2907 2184 2950 faci-
