2608 3584
698 342 743 378 ut
777 332 968 377 studium
999 330 1318 392 promovendae
1339 331 1499 376 Sorvae
1522 330 1603 375 Dci
1631 329 1956 374 Beatiticationis
1980 329 2184 379 nimium.

697 404 739 441 ct
775 392 1055 438 immodicum
1090 391 1352 451 quibusdam
1385 392 1518 451 possit
1550 405 1771 449 apparere.
1811 391 1896 433 Nec
1929 391 2105 441 mirum,
2131 390 2190 433 si-

699 454 875 514 quidem
910 454 1194 511 Omnipotens
1227 452 1409 496 indubie
1443 451 1498 496 ad
1534 451 1641 496 iliud
1674 450 1938 509 augendum,
1964 459 2007 494 et
2039 449 2192 493 confir-

699 514 909 559 mandum
942 514 1155 558 concurrit
1178 512 1408 558 manifesta
1442 513 1748 557 miraculorum
1772 525 1876 554 voce
1898 510 2073 569 singuiis
2097 510 2190 553 sere

703 575 858 619 dicbus
879 608 889 625 ,
926 582 967 618 ct
1001 575 1163 634 ubique
1195 574 1387 618 iocorum
1424 573 1675 632 praesertim
1711 571 1892 630 regionis
1924 569 2193 615 Canadensis

701 644 986 695 patratorum.
1021 635 1108 680 Sed
1142 636 1224 679 iam
1260 634 1315 679 de
1348 633 1590 679 Virtutibus
1623 631 1973 691 Theologaiibus.

1281 760 1332 802 Et
1364 758 1506 817 primo

1046 874 1120 923 De
1153 873 1351 923 heroica
1381 872 1434 925 S.
1470 873 1533 923 D.
1563 871 1702 923 Fide.

585 1013 656 1055 ¹¹6.
694 1014 760 1055 De
795 1012 1022 1055 virtutibus
1052 1011 1385 1070 Theologaiibus
1417 1027 1523 1070 quas
1555 1013 1689 1057 Serva
1721 1011 1803 1055 Dei
1826 1013 1956 1058 Soror
1979 1010 2108 1054 Maria
2131 1009 2195 1053 ab

704 1073 1001 1115 incantatione.
1043 1072 1213 1116 heroico
1248 1072 1290 1115 in
1323 1072 1461 1128 gradu
1496 1089 1573 1132 per
1606 1074 1823 1129 integrum
1856 1072 2060 1128 longaeve
2091 1085 2201 1114 suae

702 1133 815 1175 vitae
849 1141 1018 1190 tempus
1051 1134 1245 1176 exercuit
1290 1141 1461 1177 acturus
1494 1134 1591 1177 ideo
1613 1151 1637 1178 a
1665 1132 1770 1176 Fide
1803 1132 2028 1178 exordium
2061 1131 2195 1181 duco,

704 1195 806 1252 quia
837 1193 953 1237 dicta
984 1193 1105 1237 Fidei
1140 1194 1279 1236 virtus
1310 1203 1482 1237 auctore
1513 1195 1558 1239 S.
1596 1193 1834 1251 Augustino
1866 1193 1943 1235 lib.
1977 1192 2033 1235 de
2071 1193 2199 1234 Dono

706 1253 1056 1297 perseverantiae
1086 1255 1225 1310 cap.2
1249 1277 1278 1285 —
1306 1255 1375 1297 Est
1410 1256 1540 1299 lanua
1562 1264 1605 1298 et
1630 1250 1698 1298 via
1722 1253 1837 1296 vitae
1856 1279 1884 1287 -
1904 1251 2029 1308 Quod
2056 1265 2205 1294 amus-

706 1314 787 1357 sim
819 1314 1050 1357 concordat
1071 1330 1168 1357 cum
1191 1314 1385 1358 doctrina
1420 1316 1466 1359 S.
1492 1313 1712 1359 Ambrosii
1734 1313 1808 1372 qui
1842 1312 1918 1355 lib.
1943 1313 1989 1355 2.
2016 1312 2071 1355 de
2093 1309 2205 1356 Cain

708 1383 750 1417 et
783 1374 896 1417 Abel
930 1389 1024 1432 cap.
1059 1375 1105 1418 2.
1141 1376 1246 1417 Eam
1282 1375 1488 1432 appellat.
1513 1400 1542 1408 α-
1564 1376 1782 1420 Virtutum
1815 1373 2006 1416 omnium
2048 1370 2207 1414 sunda--

709 1441 905 1477 mentum
938 1452 985 1478 ac
1024 1435 1237 1479 humanae
1284 1436 1432 1479 salutis
1473 1436 1660 1480 initium.
1684 1433 1859 1477 -Unde
1894 1432 2205 1476 Tridentinum

708 1494 949 1538 Concilium
981 1496 1137 1538 merito
1171 1496 1228 1539 ita
1251 1495 1449 1539 definivit
1464 1497 1577 1541 Sess.
1597 1498 1643 1540 6.
1678 1511 1772 1552 cap.
1796 1496 1841 1538 8.
1867 1494 1921 1538 de
1944 1491 2210 1536 iustificat.-

707 1555 835 1598 Fides
864 1563 927 1598 est
959 1555 1176 1599 humanae
1204 1556 1352 1599 salutis
1385 1557 1557 1600 initium
1580 1591 1592 1609 ‚
1630 1556 1964 1601 fundamentum
1998 1560 2042 1595 et
2074 1550 2205 1595 radix

709 1615 848 1658 omnis
883 1615 1209 1659 iustificationis.
1244 1641 1275 1648 -
1296 1618 1345 1659 Et
1377 1617 1487 1660 ratio
1521 1626 1585 1661 est
1618 1617 1733 1660 iuxta
1756 1617 1989 1658 Doctorem
2024 1610 2209 1670 Angeli-

710 1691 808 1718 cum
842 1676 887 1719 2.
924 1676 968 1718 2.
995 1683 1160 1734 quaest.
1196 1677 1242 1720 4.
1279 1686 1360 1720 art.
1397 1679 1441 1721 7.
1467 1678 1646 1733 —Quod
1667 1677 1827 1720 scilicet
1859 1688 2029 1718 necesse
2060 1673 2130 1722 sit,
2157 1679 2207 1714 ut:

717 1736 890 1779 ultimus
923 1735 1018 1780 finis
1041 1737 1161 1794 prius
1193 1737 1246 1780 sit
1271 1737 1314 1780 in
1336 1737 1572 1789 inte-Hoetu,
1600 1752 1733 1797 quam
1767 1736 1811 1779 in
1834 1736 2072 1784 voruntaim
2103 1731 2211 1791 quim

711 1798 862 1853 nequit
897 1797 1093 1840 voluntas
1126 1796 1180 1840 ad
1213 1797 1380 1855 aliquid
1413 1798 1542 1850 ferri,
1580 1798 1658 1842 nisi
1693 1804 1819 1855 prout
1852 1804 1915 1839 est
1947 1795 2002 1837 ab
2037 1793 2212 1848 intelle--

711 1866 781 1899 ctu
815 1857 1153 1915 apprehensum.
1175 1882 1203 1889 —
1227 1859 1336 1901 uine
1368 1867 1431 1902 est
1464 1858 1583 1916 quod
1616 1859 1712 1902 licet
1744 1856 1900 1901 ordine
1932 1853 2216 1912 perfectionis-

711 1917 892 1960 charitas
927 1918 1155 1975 praecedat
1189 1917 1321 1963 [idem
1354 1927 1396 1962 et
1428 1933 1551 1977 spem
1585 1919 1627 1962 in
1661 1926 1873 1977 quantum
1913 1923 1976 1959 est
2008 1913 2212 1957 omnium-

716 1976 919 2019 virtutum
946 1988 1081 2022 mater
1102 1986 1145 2020 et
1168 1978 1273 2029 vita,
1301 1979 1452 2022 ordine
1476 1988 1619 2023 tamen
1645 1976 1931 2037 generationis
1954 1975 2061 2019 fides
2084 1987 2215 2031 prae·

713 2036 827 2079 cedit
860 2049 1002 2094 spem>
1034 2046 1077 2080 et
1109 2038 1362 2081 charitatem
1382 2073 1393 2090 ,
1429 2055 1482 2084 ea
1515 2039 1707 2097 praecise
1736 2038 1904 2082 ratione
1936 2052 2022 2094 qua
2054 2033 2219 2077 sunda-

715 2107 908 2140 1ncnium
946 2097 1204 2154 praecedere
1236 2098 1346 2141 solet
1385 2098 1651 2143 aedificium.
1698 2100 1750 2142 Ut
1783 2097 1898 2141 enim
1938 2102 2216 2154 opportunae·

718 2156 1025 2200 animadvertit
1057 2159 1104 2202 S.
1141 2159 1403 2216 Augustinus
1434 2160 1645 2203 Sermone
1676 2160 1838 2203 xxvl.
1865 2184 1896 2191 -
1915 2159 2081 2200 Domus
2124 2153 2207 2197 Dei

716 2216 939 2260 credendo
960 2217 1179 2270 fundatur,
1205 2220 1422 2277 sperando
1455 2219 1650 2277 erigitur,
1686 2217 1908 2276 diligendo
1938 2214 2219 2274 perficitur..—

599 2279 672 2320 17.
708 2279 805 2332 Quo
839 2278 1056 2335 praeiacto
1088 2278 1325 2322 videndum
1360 2279 1465 2338 quid
1496 2280 1548 2323 sit
1580 2279 1826 2323 huiusmodi
1859 2276 2114 2333 Theoiogica
2148 2274 2221 2316 Fi-

725 2338 801 2380 des
823 2338 913 2381 sive
948 2339 988 2381 in
1012 2354 1101 2397 quo
1125 2339 1234 2383 iuius
1256 2340 1456 2389 essentia,
1490 2348 1532 2382 et
1556 2348 1707 2382 natura
1729 2338 1950 2387 consistat,
1979 2345 2218 2393 antequam.

724 2398 922 2442 Eiusdem
957 2400 1183 2443 existentia
1218 2401 1263 2442 in
1294 2401 1428 2445 Serva
1461 2400 1541 2443 Dei
1575 2400 1913 2443 ‹lemonstreturt

602 2459 676 2501 48.
712 2457 838 2502 Fides
872 2460 1016 2517 itaque
1048 2467 1112 2502 cst
1146 2461 1279 2503 virtus
1311 2461 1568 2518 Theoiogica
1614 2459 1821 2504 divinitus
1854 2458 1988 2502 infusa
2022 2472 2107 2514 qua
2146 2452 2225 2496 fir·

719 2518 846 2562 miter
877 2520 1134 2564 assentimur
1166 2521 1213 2565 iis
1245 2537 1357 2579 quae
1390 2537 1415 2564 a
1448 2523 1541 2564 Deo
1573 2522 1767 2565 revelata
1795 2527 1894 2564 sunt
1934 2525 2109 2576 propter.
2140 2529 2226 2558 au—

720 2579 961 2623 ctoritatem
994 2580 1126 2638 ipsius
1144 2581 1408 2626 Revelantis.
1444 2584 1494 2625 Et
1517 2597 1563 2626 re
1580 2580 1759 2639 quidem
1783 2588 1898 2628 vcra.
1925 2579 2051 2622 Fides
2074 2578 2217 2619 Deum

723 2640 854 2683 habet
889 2656 968 2699 pro
999 2640 1166 2685 obiecto
1202 2642 1452 2686 immediato
1474 2676 1489 2693 ‚
1521 2641 1612 2686 sive
1645 2641 1855 2685 materiati
1889 2640 1989 2699 quia
2023 2639 2140 2681 Deus
2174 2643 2225 2678 ut

722 2701 881 2758 gratiae
907 2735 917 2752 ,
954 2708 997 2744 et
1029 2702 1189 2759 gloriae
1222 2711 1369 2746 auctor
1404 2703 1609 2761 primario
1643 2702 1872 2761 attingitur
1900 2717 1925 2743 a
1955 2699 2094 2749 Fide,
2128 2696 2225 2740 sive

724 2762 906 2813 formali,
943 2762 1045 2820 quia
1066 2763 1282 2822 quidquid
1304 2763 1495 2807 creditur
1515 2763 1609 2806 sive
1630 2765 1747 2807 Deus
1768 2764 1821 2807 sit
1842 2763 1931 2807 sive
1953 2758 2069 2804 aliud
2094 2754 2227 2816 quid-

721 2821 838 2879 piam
870 2831 1050 2880 propter·
1080 2824 1358 2867 veracitatem
1382 2823 1462 2867 Dei
1496 2824 1709 2874 creditur,
1747 2823 1792 2867 id
1823 2838 1925 2866 vcro
1960 2835 2046 2864 uon·
2068 2835 2123 2862 ex
2146 2832 2222 2860 na·

727 2892 844 2927 tuxac
881 2883 1042 2928 viribus
1062 2918 1075 2937 ,
1109 2884 1184 2928 scd
1216 2900 1269 2929 ex
1302 2883 1509 2943 speciali,
1550 2893 1594 2928 ct·
1625 2883 1940 2944 supernaturali
1974 2880 2057 2926 Dei
2090 2877 2220 2939 ipsius
