<?xml version="1.0" encoding="UTF-8"?>
<!DOCTYPE html PUBLIC "-//W3C//DTD XHTML 1.0 Transitional//EN"
    "http://www.w3.org/TR/xhtml1/DTD/xhtml1-transitional.dtd">
<html xmlns="http://www.w3.org/1999/xhtml" xml:lang="en" lang="en">
 <head>
  <title>
</title>
<meta http-equiv="Content-Type" content="text/html;charset=utf-8" />
  <meta name='ocr-system' content='tesseract 3.04.00' />
  <meta name='ocr-capabilities' content='ocr_page ocr_carea ocr_par ocr_line ocrx_word'/>
</head>
<body>
  <div class='ocr_page' id='page_1' title='image "./cihm_27111_0120.png"; bbox 0 0 2744 3584; ppageno 0'>
   <div class='ocr_carea' id='block_1_1' title="bbox 0 0 532 404">
    <p class='ocr_par' dir='ltr' id='par_1_1' title="bbox 0 0 532 404">
     <span class='ocr_line' id='line_1_1' title="bbox 0 0 532 404; baseline 0 -2"><span class='ocrx_word' id='word_1_1' title='bbox 0 0 532 404; x_wconf 95' lang='lat' dir='ltr'>    </span> 
     </span>
    </p>
   </div>
   <div class='ocr_carea' id='block_1_2' title="bbox 0 337 102 1105">
    <p class='ocr_par' dir='ltr' id='par_1_2' title="bbox 0 337 102 1105">
     <span class='ocr_line' id='line_1_2' title="bbox 0 337 77 381; baseline 0 0"><span class='ocrx_word' id='word_1_2' title='bbox 0 359 3 377; x_wconf 85' lang='lat'><em>·</em></span> <span class='ocrx_word' id='word_1_3' title='bbox 48 337 77 381; x_wconf 95' lang='lat' dir='ltr'>il</span> 
     </span>
     <span class='ocr_line' id='line_1_3' title="bbox 0 397 78 441; baseline 0.013 -1"><span class='ocrx_word' id='word_1_4' title='bbox 0 397 78 441; x_wconf 71' lang='lat' dir='ltr'>ene</span> 
     </span>
     <span class='ocr_line' id='line_1_4' title="bbox 4 473 83 502; baseline -0.013 0"><span class='ocrx_word' id='word_1_5' title='bbox 4 473 83 502; x_wconf 88' lang='lat' dir='ltr'>eon</span> 
     </span>
     <span class='ocr_line' id='line_1_5' title="bbox 15 517 84 562; baseline -0.014 0"><span class='ocrx_word' id='word_1_6' title='bbox 15 517 84 562; x_wconf 92' lang='lat' dir='ltr'>dei</span> 
     </span>
     <span class='ocr_line' id='line_1_6' title="bbox 0 579 85 623; baseline -0.024 0"><span class='ocrx_word' id='word_1_7' title='bbox 0 579 85 623; x_wconf 91' lang='lat' dir='ltr'>riu-</span> 
     </span>
     <span class='ocr_line' id='line_1_7' title="bbox 0 654 92 683; baseline -0.022 0"><span class='ocrx_word' id='word_1_8' title='bbox 0 654 92 683; x_wconf 88' lang='lat' dir='ltr'>rese</span> 
     </span>
     <span class='ocr_line' id='line_1_8' title="bbox 1 715 93 743; baseline -0.011 0"><span class='ocrx_word' id='word_1_9' title='bbox 1 715 93 743; x_wconf 89' lang='lat' dir='ltr'>eca-</span> 
     </span>
     <span class='ocr_line' id='line_1_9' title="bbox 0 760 97 804; baseline -0.021 0"><span class='ocrx_word' id='word_1_10' title='bbox 0 760 97 804; x_wconf 90' lang='lat' dir='ltr'>leva</span> 
     </span>
     <span class='ocr_line' id='line_1_10' title="bbox 0 836 93 869; baseline 0 -6"><span class='ocrx_word' id='word_1_11' title='bbox 0 836 93 869; x_wconf 90' lang='lat' dir='ltr'>nza,</span> 
     </span>
     <span class='ocr_line' id='line_1_11' title="bbox 0 888 98 924; baseline -0.01 0"><span class='ocrx_word' id='word_1_12' title='bbox 0 888 98 924; x_wconf 75' lang='lat' dir='ltr'>3tata</span> 
     </span>
     <span class='ocr_line' id='line_1_12' title="bbox 0 940 98 984; baseline -0.02 0"><span class='ocrx_word' id='word_1_13' title='bbox 0 940 98 984; x_wconf 74' lang='lat' dir='ltr'>inrsi</span> 
     </span>
     <span class='ocr_line' id='line_1_13' title="bbox 0 1000 97 1051; baseline -0.01 -7"><span class='ocrx_word' id='word_1_14' title='bbox 0 1000 97 1051; x_wconf 82' lang='lat' dir='ltr'>loni,</span> 
     </span>
     <span class='ocr_line' id='line_1_14' title="bbox 0 1076 102 1105; baseline 0 -1"><span class='ocrx_word' id='word_1_15' title='bbox 0 1076 102 1105; x_wconf 78' lang='lat' dir='ltr'>veva</span> 
     </span>
    </p>
   </div>
   <div class='ocr_carea' id='block_1_3' title="bbox 0 1196 112 1225">
    <p class='ocr_par' dir='ltr' id='par_1_3' title="bbox 0 1196 112 1225">
     <span class='ocr_line' id='line_1_15' title="bbox 0 1196 112 1225; baseline -0.009 0"><span class='ocrx_word' id='word_1_16' title='bbox 0 1196 112 1225; x_wconf 66' lang='lat' dir='ltr'>El&#39;thO</span> 
     </span>
    </p>
   </div>
   <div class='ocr_carea' id='block_1_4' title="bbox 0 1243 154 2861">
    <p class='ocr_par' dir='ltr' id='par_1_4' title="bbox 0 1243 154 2861">
     <span class='ocr_line' id='line_1_16' title="bbox 0 1243 118 1286; baseline -0.017 0"><span class='ocrx_word' id='word_1_17' title='bbox 0 1243 29 1286; x_wconf 89' lang='lat' dir='ltr'>is</span> <span class='ocrx_word' id='word_1_18' title='bbox 75 1243 118 1284; x_wconf 89' lang='lat' dir='ltr'>X</span> 
     </span>
     <span class='ocr_line' id='line_1_17' title="bbox 10 1303 118 1344; baseline 0 0"><span class='ocrx_word' id='word_1_19' title='bbox 10 1324 25 1341; x_wconf 71' lang='grc' dir='ltr'>«ι</span> <span class='ocrx_word' id='word_1_20' title='bbox 60 1303 118 1344; x_wconf 76' lang='lat' dir='ltr'>La</span> 
     </span>
     <span class='ocr_line' id='line_1_18' title="bbox 3 1362 121 1406; baseline -0.008 0"><span class='ocrx_word' id='word_1_21' title='bbox 3 1380 40 1406; x_wconf 76' lang='lat' dir='ltr'>ie</span> <span class='ocrx_word' id='word_1_22' title='bbox 64 1362 121 1405; x_wconf 79' lang='lat' dir='ltr'>sa-</span> 
     </span>
     <span class='ocr_line' id='line_1_19' title="bbox 0 1438 119 1467; baseline -0.025 0"><span class='ocrx_word' id='word_1_23' title='bbox 0 1438 119 1467; x_wconf 84' lang='lat' dir='ltr'>men-</span> 
     </span>
     <span class='ocr_line' id='line_1_20' title="bbox 6 1483 122 1526; baseline -0.009 0"><span class='ocrx_word' id='word_1_24' title='bbox 6 1501 30 1526; x_wconf 90' lang='lat' dir='ltr'>o</span> <span class='ocrx_word' id='word_1_25' title='bbox 51 1483 122 1526; x_wconf 88' lang='lat' dir='ltr'>del</span> 
     </span>
     <span class='ocr_line' id='line_1_21' title="bbox 0 1543 122 1587; baseline -0.008 0"><span class='ocrx_word' id='word_1_26' title='bbox 0 1543 122 1587; x_wconf 63' lang='lat' dir='ltr'>sada-</span> 
     </span>
     <span class='ocr_line' id='line_1_22' title="bbox 9 1604 126 1647; baseline -0.009 0"><span class='ocrx_word' id='word_1_27' title='bbox 9 1605 51 1647; x_wconf 82' lang='lat' dir='ltr'>fu</span> <span class='ocrx_word' id='word_1_28' title='bbox 88 1604 126 1646; x_wconf 90' lang='lat' dir='ltr'>la</span> 
     </span>
     <span class='ocr_line' id='line_1_23' title="bbox 0 1680 133 1722; baseline -0.008 -15"><span class='ocrx_word' id='word_1_29' title='bbox 0 1680 14 1707; x_wconf 79' lang='lat'>3</span> <span class='ocrx_word' id='word_1_30' title='bbox 38 1680 133 1722; x_wconf 93' lang='lat' dir='ltr'>pro-</span> 
     </span>
     <span class='ocr_line' id='line_1_24' title="bbox 14 1726 131 1768; baseline 0 -1"><span class='ocrx_word' id='word_1_31' title='bbox 14 1726 131 1768; x_wconf 84' lang='lat' dir='ltr'>farne</span> 
     </span>
     <span class='ocr_line' id='line_1_25' title="bbox 14 1800 134 1828; baseline -0.008 0"><span class='ocrx_word' id='word_1_32' title='bbox 14 1801 36 1828; x_wconf 93' lang='lat' dir='ltr'>e</span> <span class='ocrx_word' id='word_1_33' title='bbox 57 1800 134 1828; x_wconf 90' lang='lat' dir='ltr'>sue</span> 
     </span>
     <span class='ocr_line' id='line_1_26' title="bbox 15 1854 136 1889; baseline -0.008 0"><span class='ocrx_word' id='word_1_34' title='bbox 15 1854 56 1889; x_wconf 91' lang='lat' dir='ltr'>to</span> <span class='ocrx_word' id='word_1_35' title='bbox 80 1861 136 1889; x_wconf 91' lang='lat' dir='ltr'>un</span> 
     </span>
     <span class='ocr_line' id='line_1_27' title="bbox 9 1921 135 1950; baseline -0.008 -1"><span class='ocrx_word' id='word_1_36' title='bbox 9 1922 53 1950; x_wconf 92' lang='lat' dir='ltr'>re</span> <span class='ocrx_word' id='word_1_37' title='bbox 78 1921 135 1949; x_wconf 92' lang='lat' dir='ltr'>un</span> 
     </span>
     <span class='ocr_line' id='line_1_28' title="bbox 19 1970 138 2010; baseline 0.008 -1"><span class='ocrx_word' id='word_1_38' title='bbox 19 1985 47 2010; x_wconf 87' lang='grc'>).</span> <span class='ocrx_word' id='word_1_39' title='bbox 102 1970 138 2010; x_wconf 90' lang='grc' dir='ltr'><strong>Λ</strong></span> 
     </span>
     <span class='ocr_line' id='line_1_29' title="bbox 17 2027 139 2070; baseline -0.008 0"><span class='ocrx_word' id='word_1_40' title='bbox 17 2036 87 2070; x_wconf 93' lang='lat' dir='ltr'>uto</span> <span class='ocrx_word' id='word_1_41' title='bbox 112 2027 139 2069; x_wconf 92' lang='lat' dir='ltr'>il</span> 
     </span>
     <span class='ocr_line' id='line_1_30' title="bbox 11 2089 139 2131; baseline -0.008 0"><span class='ocrx_word' id='word_1_42' title='bbox 11 2089 139 2131; x_wconf 78' lang='lat' dir='ltr'>razio-</span> 
     </span>
     <span class='ocr_line' id='line_1_31' title="bbox 69 2164 143 2191; baseline 0 0"><span class='ocrx_word' id='word_1_43' title='bbox 69 2164 143 2191; x_wconf 88' lang='lat' dir='ltr'>se-</span> 
     </span>
     <span class='ocr_line' id='line_1_32' title="bbox 52 2209 143 2252; baseline 0 0"><span class='ocrx_word' id='word_1_44' title='bbox 52 2209 143 2252; x_wconf 86' lang='lat' dir='ltr'>ilia-</span> 
     </span>
     <span class='ocr_line' id='line_1_33' title="bbox 46 2284 144 2313; baseline -0.01 0"><span class='ocrx_word' id='word_1_45' title='bbox 46 2284 144 2313; x_wconf 87' lang='lat' dir='ltr'>cose</span> 
     </span>
     <span class='ocr_line' id='line_1_34' title="bbox 53 2346 147 2373; baseline 0 0"><span class='ocrx_word' id='word_1_46' title='bbox 53 2346 147 2373; x_wconf 88' lang='lat' dir='ltr'>casa</span> 
     </span>
     <span class='ocr_line' id='line_1_35' title="bbox 51 2391 144 2434; baseline -0.011 0"><span class='ocrx_word' id='word_1_47' title='bbox 51 2391 144 2434; x_wconf 86' lang='lat' dir='ltr'>dire</span> 
     </span>
     <span class='ocr_line' id='line_1_36' title="bbox 63 2467 147 2494; baseline -0.012 0"><span class='ocrx_word' id='word_1_48' title='bbox 63 2467 147 2494; x_wconf 92' lang='lat' dir='ltr'>non</span> 
     </span>
     <span class='ocr_line' id='line_1_37' title="bbox 58 2511 149 2555; baseline -0.011 0"><span class='ocrx_word' id='word_1_49' title='bbox 58 2511 149 2555; x_wconf 86' lang='lat' dir='ltr'>sof-</span> 
     </span>
     <span class='ocr_line' id='line_1_38' title="bbox 39 2573 147 2615; baseline 0.019 -3"><span class='ocrx_word' id='word_1_50' title='bbox 39 2573 147 2615; x_wconf 88' lang='lat' dir='ltr'>vole.</span> 
     </span>
     <span class='ocr_line' id='line_1_39' title="bbox 33 2648 145 2677; baseline -0.018 0"><span class='ocrx_word' id='word_1_51' title='bbox 33 2650 56 2677; x_wconf 88' lang='lat' dir='ltr'>a</span> <span class='ocrx_word' id='word_1_52' title='bbox 91 2648 145 2676; x_wconf 93' lang='lat' dir='ltr'>un</span> 
     </span>
     <span class='ocr_line' id='line_1_40' title="bbox 51 2695 150 2739; baseline -0.04 0"><span class='ocrx_word' id='word_1_53' title='bbox 51 2695 150 2739; x_wconf 90' lang='lat' dir='ltr'>der-</span> 
     </span>
     <span class='ocr_line' id='line_1_41' title="bbox 44 2754 154 2813; baseline -0.018 -15"><span class='ocrx_word' id='word_1_54' title='bbox 44 2754 154 2813; x_wconf 89' lang='lat' dir='ltr'>plius</span> 
     </span>
     <span class='ocr_line' id='line_1_42' title="bbox 57 2818 152 2861; baseline -0.032 0"><span class='ocrx_word' id='word_1_55' title='bbox 57 2818 152 2861; x_wconf 82' lang='lat' dir='ltr'>Ser-</span> 
     </span>
    </p>
   </div>
   <div class='ocr_carea' id='block_1_5' title="bbox 1905 285 1984 329">
    <p class='ocr_par' dir='ltr' id='par_1_5' title="bbox 1905 285 1984 329">
     <span class='ocr_line' id='line_1_43' title="bbox 1905 285 1984 329; baseline 0.013 -1"><span class='ocrx_word' id='word_1_56' title='bbox 1905 285 1984 329; x_wconf 97' lang='lat'>444</span> 
     </span>
    </p>
   </div>
   <div class='ocr_carea' id='block_1_6' title="bbox 386 353 1993 416">
    <p class='ocr_par' dir='ltr' id='par_1_6' title="bbox 386 353 1993 416">
     <span class='ocr_line' id='line_1_44' title="bbox 386 353 1993 416; baseline 0.001 -15"><span class='ocrx_word' id='word_1_57' title='bbox 386 360 487 404; x_wconf 76' lang='lat'><strong>208.</strong></span> <span class='ocrx_word' id='word_1_58' title='bbox 525 356 762 412; x_wconf 88' lang='lat' dir='ltr'>Eapropter</span> <span class='ocrx_word' id='word_1_59' title='bbox 794 354 851 397; x_wconf 90' lang='lat' dir='ltr'>ab</span> <span class='ocrx_word' id='word_1_60' title='bbox 883 353 972 397; x_wconf 89' lang='lat' dir='ltr'>aliis</span> <span class='ocrx_word' id='word_1_61' title='bbox 1008 355 1180 399; x_wconf 87' lang='lat' dir='ltr'>testium</span> <span class='ocrx_word' id='word_1_62' title='bbox 1215 356 1560 413; x_wconf 68' lang='lat' dir='ltr'>depositionibus</span> <span class='ocrx_word' id='word_1_63' title='bbox 1596 357 1883 416; x_wconf 79' lang='lat' dir='ltr'>producendis</span> <span class='ocrx_word' id='word_1_64' title='bbox 1923 372 1993 403; x_wconf 87' lang='lat' dir='ltr'>me</span> 
     </span>
    </p>
   </div>
   <div class='ocr_carea' id='block_1_7' title="bbox 385 2115 483 2159">
    <p class='ocr_par' dir='ltr' id='par_1_7' title="bbox 385 2115 483 2159">
     <span class='ocr_line' id='line_1_45' title="bbox 385 2115 483 2159; baseline -0.02 0"><span class='ocrx_word' id='word_1_65' title='bbox 385 2115 483 2159; x_wconf 80' lang='lat'>209.</span> 
     </span>
    </p>
   </div>
   <div class='ocr_carea' id='block_1_8' title="bbox 0 3180 660 3584">
    <p class='ocr_par' dir='ltr' id='par_1_8' title="bbox 0 3180 660 3584">
     <span class='ocr_line' id='line_1_46' title="bbox 0 3180 660 3584; baseline 0 0"><span class='ocrx_word' id='word_1_66' title='bbox 0 3180 660 3584; x_wconf 95' lang='lat' dir='ltr'> </span> 
     </span>
    </p>
   </div>
   <div class='ocr_carea' id='block_1_9' title="bbox 494 413 2001 1925">
    <p class='ocr_par' dir='ltr' id='par_1_9' title="bbox 494 413 2001 1925">
     <span class='ocr_line' id='line_1_47' title="bbox 494 413 1995 463; baseline 0.003 -4"><span class='ocrx_word' id='word_1_67' title='bbox 494 415 714 459; x_wconf 70' lang='lat' dir='ltr'>abstinens</span> <span class='ocrx_word' id='word_1_68' title='bbox 748 413 824 457; x_wconf 94' lang='lat' dir='ltr'>hoc</span> <span class='ocrx_word' id='word_1_69' title='bbox 860 430 993 457; x_wconf 92' lang='lat' dir='ltr'>unum</span> <span class='ocrx_word' id='word_1_70' title='bbox 1028 415 1369 460; x_wconf 71' lang='lat' dir='ltr'>animadvertam</span> <span class='ocrx_word' id='word_1_71' title='bbox 1427 434 1527 462; x_wconf 89' lang='lat' dir='ltr'>eum</span> <span class='ocrx_word' id='word_1_72' title='bbox 1573 419 1757 463; x_wconf 87' lang='lat' dir='ltr'>Scaecho</span> <span class='ocrx_word' id='word_1_73' title='bbox 1791 419 1847 462; x_wconf 86' lang='lat' dir='ltr'>de</span> <span class='ocrx_word' id='word_1_74' title='bbox 1897 420 1995 463; x_wconf 89' lang='lat' dir='ltr'>Not.</span> 
     </span>
     <span class='ocr_line' id='line_1_48' title="bbox 499 475 2000 538; baseline 0.003 -19"><span class='ocrx_word' id='word_1_75' title='bbox 499 484 542 519; x_wconf 88' lang='lat' dir='ltr'>et</span> <span class='ocrx_word' id='word_1_76' title='bbox 574 476 682 533; x_wconf 79' lang='lat' dir='ltr'>sign.</span> <span class='ocrx_word' id='word_1_77' title='bbox 720 475 899 518; x_wconf 87' lang='lat' dir='ltr'>Sanctit.</span> <span class='ocrx_word' id='word_1_78' title='bbox 936 475 980 517; x_wconf 82' lang='lat'>5.</span> <span class='ocrx_word' id='word_1_79' title='bbox 1016 476 1122 533; x_wconf 89' lang='lat' dir='ltr'>Cap.</span> <span class='ocrx_word' id='word_1_80' title='bbox 1159 477 1187 519; x_wconf 82' lang='lat'><strong>2</strong></span> <span class='ocrx_word' id='word_1_81' title='bbox 1221 492 1319 534; x_wconf 72' lang='lat' dir='ltr'>pag.</span> <span class='ocrx_word' id='word_1_82' title='bbox 1357 479 1447 522; x_wconf 80' lang='lat'>302</span> <span class='ocrx_word' id='word_1_83' title='bbox 1480 479 1596 536; x_wconf 85' lang='lat' dir='ltr'>quod</span> <span class='ocrx_word' id='word_1_84' title='bbox 1630 478 1873 538; x_wconf 76' lang='lat' dir='ltr'>praedictae</span> <span class='ocrx_word' id='word_1_85' title='bbox 1907 495 2000 523; x_wconf 91' lang='lat' dir='ltr'>car-</span> 
     </span>
     <span class='ocr_line' id='line_1_49' title="bbox 500 534 1998 598; baseline 0.004 -19"><span class='ocrx_word' id='word_1_86' title='bbox 500 536 564 579; x_wconf 88' lang='lat' dir='ltr'>nis</span> <span class='ocrx_word' id='word_1_87' title='bbox 598 534 863 578; x_wconf 70' lang='lat' dir='ltr'>austeritates</span> <span class='ocrx_word' id='word_1_88' title='bbox 885 567 894 585; x_wconf 92' lang='lat'>,</span> <span class='ocrx_word' id='word_1_89' title='bbox 933 541 974 577; x_wconf 89' lang='lat' dir='ltr'>et</span> <span class='ocrx_word' id='word_1_90' title='bbox 1016 535 1310 579; x_wconf 80' lang='lat' dir='ltr'>afflictationes</span> <span class='ocrx_word' id='word_1_91' title='bbox 1357 538 1640 596; x_wconf 75' lang='lat' dir='ltr'>rigidissimae</span> <span class='ocrx_word' id='word_1_92' title='bbox 1673 540 1831 598; x_wconf 88' lang='lat' dir='ltr'>quibus</span> <span class='ocrx_word' id='word_1_93' title='bbox 1863 541 1998 585; x_wconf 88' lang='lat' dir='ltr'>Serva</span> 
     </span>
     <span class='ocr_line' id='line_1_50' title="bbox 502 594 1993 658; baseline 0.003 -19"><span class='ocrx_word' id='word_1_94' title='bbox 502 595 579 639; x_wconf 88' lang='lat' dir='ltr'>Dei</span> <span class='ocrx_word' id='word_1_95' title='bbox 613 595 668 639; x_wconf 85' lang='lat' dir='ltr'>ad</span> <span class='ocrx_word' id='word_1_96' title='bbox 718 594 1004 638; x_wconf 89' lang='lat' dir='ltr'>imitationem</span> <span class='ocrx_word' id='word_1_97' title='bbox 1056 596 1251 639; x_wconf 87' lang='lat' dir='ltr'>Doctoris</span> <span class='ocrx_word' id='word_1_98' title='bbox 1298 598 1501 642; x_wconf 87' lang='lat' dir='ltr'>Gentium</span> <span class='ocrx_word' id='word_1_99' title='bbox 1548 615 1700 657; x_wconf 88' lang='lat' dir='ltr'>eorpus</span> <span class='ocrx_word' id='word_1_100' title='bbox 1742 616 1867 644; x_wconf 83' lang='lat' dir='ltr'>suum</span> <span class='ocrx_word' id='word_1_101' title='bbox 1909 616 1993 658; x_wconf 78' lang='lat' dir='ltr'>ga·-</span> 
     </span>
     <span class='ocr_line' id='line_1_51' title="bbox 503 654 1996 713; baseline 0.003 -14"><span class='ocrx_word' id='word_1_102' title='bbox 503 656 659 713; x_wconf 79' lang='lat' dir='ltr'>stigans</span> <span class='ocrx_word' id='word_1_103' title='bbox 707 662 750 698; x_wconf 90' lang='lat' dir='ltr'>et</span> <span class='ocrx_word' id='word_1_104' title='bbox 797 654 837 698; x_wconf 92' lang='lat' dir='ltr'>in</span> <span class='ocrx_word' id='word_1_105' title='bbox 885 655 1137 699; x_wconf 80' lang='lat' dir='ltr'>servitutem</span> <span class='ocrx_word' id='word_1_106' title='bbox 1187 656 1384 713; x_wconf 75' lang='lat' dir='ltr'>redigere</span> <span class='ocrx_word' id='word_1_107' title='bbox 1435 659 1576 702; x_wconf 88' lang='lat' dir='ltr'>studio</span> <span class='ocrx_word' id='word_1_108' title='bbox 1619 659 1913 712; x_wconf 80' lang='lat' dir='ltr'>inflammato,</span> <span class='ocrx_word' id='word_1_109' title='bbox 1953 669 1996 704; x_wconf 88' lang='lat' dir='ltr'>et</span> 
     </span>
     <span class='ocr_line' id='line_1_52' title="bbox 500 715 1999 777; baseline 0.002 -17"><span class='ocrx_word' id='word_1_110' title='bbox 500 717 590 760; x_wconf 90' lang='lat' dir='ltr'>sine</span> <span class='ocrx_word' id='word_1_111' title='bbox 626 715 940 759; x_wconf 88' lang='lat' dir='ltr'>intermissione</span> <span class='ocrx_word' id='word_1_112' title='bbox 979 716 1133 772; x_wconf 73' lang='lat' dir='ltr'>sategit</span> <span class='ocrx_word' id='word_1_113' title='bbox 1174 743 1203 751; x_wconf 95' lang='lat'>—</span> <span class='ocrx_word' id='word_1_114' title='bbox 1246 718 1419 770; x_wconf 77' lang='lat' dir='ltr'>lavant,</span> <span class='ocrx_word' id='word_1_115' title='bbox 1470 728 1598 777; x_wconf 85' lang='lat' dir='ltr'>atque</span> <span class='ocrx_word' id='word_1_116' title='bbox 1642 728 1880 764; x_wconf 85' lang='lat' dir='ltr'>sustentant</span> <span class='ocrx_word' id='word_1_117' title='bbox 1915 736 1999 764; x_wconf 89' lang='lat' dir='ltr'>na-</span> 
     </span>
     <span class='ocr_line' id='line_1_53' title="bbox 501 775 2001 837; baseline 0 -17"><span class='ocrx_word' id='word_1_118' title='bbox 501 784 621 820; x_wconf 80' lang='lat' dir='ltr'>turae</span> <span class='ocrx_word' id='word_1_119' title='bbox 671 775 975 833; x_wconf 81' lang='lat' dir='ltr'>fragilitatem,</span> <span class='ocrx_word' id='word_1_120' title='bbox 1033 776 1312 835; x_wconf 77' lang='lat' dir='ltr'>efficiuntque</span> <span class='ocrx_word' id='word_1_121' title='bbox 1374 786 1419 823; x_wconf 80' lang='lat' dir='ltr'>ut</span> <span class='ocrx_word' id='word_1_122' title='bbox 1474 779 1817 837; x_wconf 75' lang='lat' dir='ltr'>concupiscentia</span> <span class='ocrx_word' id='word_1_123' title='bbox 1864 781 2001 825; x_wconf 83' lang='lat' dir='ltr'>carnis</span> 
     </span>
     <span class='ocr_line' id='line_1_54' title="bbox 502 836 1991 895; baseline 0.003 -15"><span class='ocrx_word' id='word_1_124' title='bbox 502 852 612 895; x_wconf 86' lang='lat' dir='ltr'>quae</span> <span class='ocrx_word' id='word_1_125' title='bbox 647 845 784 881; x_wconf 90' lang='lat' dir='ltr'>rectae</span> <span class='ocrx_word' id='word_1_126' title='bbox 819 837 993 880; x_wconf 89' lang='lat' dir='ltr'>rationis</span> <span class='ocrx_word' id='word_1_127' title='bbox 1028 836 1200 881; x_wconf 89' lang='lat' dir='ltr'>inimica</span> <span class='ocrx_word' id='word_1_128' title='bbox 1235 845 1298 881; x_wconf 87' lang='lat' dir='ltr'>est</span> <span class='ocrx_word' id='word_1_129' title='bbox 1330 840 1494 883; x_wconf 77' lang='lat' dir='ltr'>sortiter</span> <span class='ocrx_word' id='word_1_130' title='bbox 1516 839 1700 890; x_wconf 82' lang='lat' dir='ltr'>devicta,</span> <span class='ocrx_word' id='word_1_131' title='bbox 1727 849 1855 890; x_wconf 85' lang='lat' dir='ltr'>caste,</span> <span class='ocrx_word' id='word_1_132' title='bbox 1884 841 1991 884; x_wconf 81' lang='lat' dir='ltr'>inte-</span> 
     </span>
     <span class='ocr_line' id='line_1_55' title="bbox 501 897 1994 956; baseline 0.001 -15"><span class='ocrx_word' id='word_1_133' title='bbox 501 913 661 956; x_wconf 77' lang='lat' dir='ltr'>greque</span> <span class='ocrx_word' id='word_1_134' title='bbox 696 899 788 940; x_wconf 91' lang='lat' dir='ltr'>Deo</span> <span class='ocrx_word' id='word_1_135' title='bbox 822 897 1104 941; x_wconf 84' lang='lat' dir='ltr'>inserviamus</span> <span class='ocrx_word' id='word_1_136' title='bbox 1125 921 1152 929; x_wconf 93' lang='lat'><em>-</em></span> <span class='ocrx_word' id='word_1_137' title='bbox 1173 897 1395 956; x_wconf 86' lang='lat' dir='ltr'>Siquidem</span> <span class='ocrx_word' id='word_1_138' title='bbox 1432 899 1549 943; x_wconf 86' lang='lat' dir='ltr'>ldem</span> <span class='ocrx_word' id='word_1_139' title='bbox 1584 899 1740 943; x_wconf 86' lang='lat' dir='ltr'>Paulus</span> <span class='ocrx_word' id='word_1_140' title='bbox 1772 900 1898 943; x_wconf 89' lang='lat' dir='ltr'>docet</span> <span class='ocrx_word' id='word_1_141' title='bbox 1939 901 1994 945; x_wconf 88' lang='lat' dir='ltr'>ad</span> 
     </span>
     <span class='ocr_line' id='line_1_56' title="bbox 502 958 2000 1011; baseline 0.001 -9"><span class='ocrx_word' id='word_1_142' title='bbox 502 960 629 1002; x_wconf 84' lang='lat' dir='ltr'>Rom.</span> <span class='ocrx_word' id='word_1_143' title='bbox 652 961 697 1001; x_wconf 81' lang='lat'>8.</span> <span class='ocrx_word' id='word_1_144' title='bbox 728 959 799 1000; x_wconf 88' lang='lat'>43.</span> <span class='ocrx_word' id='word_1_145' title='bbox 825 982 854 990; x_wconf 96' lang='lat'>-</span> <span class='ocrx_word' id='word_1_146' title='bbox 876 958 919 1002; x_wconf 89' lang='lat' dir='ltr'>Si</span> <span class='ocrx_word' id='word_1_147' title='bbox 954 958 1069 1001; x_wconf 89' lang='lat' dir='ltr'>enim</span> <span class='ocrx_word' id='word_1_148' title='bbox 1104 959 1342 1002; x_wconf 88' lang='lat' dir='ltr'>secundum</span> <span class='ocrx_word' id='word_1_149' title='bbox 1377 975 1551 1003; x_wconf 87' lang='lat' dir='ltr'>carnem</span> <span class='ocrx_word' id='word_1_150' title='bbox 1589 960 1803 1011; x_wconf 81' lang='lat' dir='ltr'>vixeritis,</span> <span class='ocrx_word' id='word_1_151' title='bbox 1842 960 2000 1004; x_wconf 82' lang='lat' dir='ltr'>morie-</span> 
     </span>
     <span class='ocr_line' id='line_1_57' title="bbox 503 1017 1991 1076; baseline 0.002 -14"><span class='ocrx_word' id='word_1_152' title='bbox 503 1018 623 1069; x_wconf 87' lang='lat' dir='ltr'>mini,</span> <span class='ocrx_word' id='word_1_153' title='bbox 662 1020 693 1061; x_wconf 85' lang='lat' dir='ltr'>si</span> <span class='ocrx_word' id='word_1_154' title='bbox 731 1027 872 1062; x_wconf 91' lang='lat' dir='ltr'>autem</span> <span class='ocrx_word' id='word_1_155' title='bbox 908 1018 1062 1076; x_wconf 89' lang='lat' dir='ltr'>spiritu</span> <span class='ocrx_word' id='word_1_156' title='bbox 1102 1017 1207 1062; x_wconf 87' lang='lat' dir='ltr'>saeta</span> <span class='ocrx_word' id='word_1_157' title='bbox 1245 1019 1381 1063; x_wconf 87' lang='lat' dir='ltr'>carnis</span> <span class='ocrx_word' id='word_1_158' title='bbox 1419 1020 1792 1070; x_wconf 83' lang='lat' dir='ltr'>mortificaveritis,</span> <span class='ocrx_word' id='word_1_159' title='bbox 1819 1020 1991 1073; x_wconf 86' lang='lat' dir='ltr'>vivetis,</span> 
     </span>
     <span class='ocr_line' id='line_1_58' title="bbox 502 1080 1996 1139; baseline 0.003 -17"><span class='ocrx_word' id='word_1_160' title='bbox 502 1080 579 1122; x_wconf 89' lang='lat' dir='ltr'>hoc</span> <span class='ocrx_word' id='word_1_161' title='bbox 613 1086 676 1122; x_wconf 91' lang='lat' dir='ltr'>est</span> <span class='ocrx_word' id='word_1_162' title='bbox 710 1095 816 1137; x_wconf 92' lang='lat' dir='ltr'>opus</span> <span class='ocrx_word' id='word_1_163' title='bbox 852 1088 1062 1123; x_wconf 84' lang='lat' dir='ltr'>nostrum.</span> <span class='ocrx_word' id='word_1_164' title='bbox 1090 1102 1118 1110; x_wconf 93' lang='lat'>-</span> <span class='ocrx_word' id='word_1_165' title='bbox 1142 1081 1198 1122; x_wconf 84' lang='lat' dir='ltr'>Ex</span> <span class='ocrx_word' id='word_1_166' title='bbox 1234 1080 1313 1123; x_wconf 90' lang='lat' dir='ltr'>hoc</span> <span class='ocrx_word' id='word_1_167' title='bbox 1335 1096 1465 1138; x_wconf 92' lang='lat' dir='ltr'>porro</span> <span class='ocrx_word' id='word_1_168' title='bbox 1488 1081 1647 1124; x_wconf 88' lang='lat' dir='ltr'>sactum</span> <span class='ocrx_word' id='word_1_169' title='bbox 1672 1089 1734 1124; x_wconf 89' lang='lat' dir='ltr'>est</span> <span class='ocrx_word' id='word_1_170' title='bbox 1757 1082 1872 1139; x_wconf 86' lang='lat' dir='ltr'>quod</span> <span class='ocrx_word' id='word_1_171' title='bbox 1895 1083 1996 1126; x_wconf 91' lang='lat' dir='ltr'>Ser-</span> 
     </span>
     <span class='ocr_line' id='line_1_59' title="bbox 504 1140 1996 1200; baseline 0.002 -18"><span class='ocrx_word' id='word_1_172' title='bbox 504 1156 555 1183; x_wconf 89' lang='lat' dir='ltr'>va</span> <span class='ocrx_word' id='word_1_173' title='bbox 589 1140 669 1183; x_wconf 84' lang='lat' dir='ltr'>Dei</span> <span class='ocrx_word' id='word_1_174' title='bbox 704 1155 874 1184; x_wconf 88' lang='lat' dir='ltr'>carnem</span> <span class='ocrx_word' id='word_1_175' title='bbox 914 1154 1006 1183; x_wconf 62' lang='lat' dir='ltr'>:um</span> <span class='ocrx_word' id='word_1_176' title='bbox 1041 1140 1245 1183; x_wconf 85' lang='lat' dir='ltr'>omnibus</span> <span class='ocrx_word' id='word_1_177' title='bbox 1279 1141 1629 1200; x_wconf 76' lang='lat' dir='ltr'>concupiscentiis</span> <span class='ocrx_word' id='word_1_178' title='bbox 1662 1142 1746 1185; x_wconf 89' lang='lat' dir='ltr'>suis</span> <span class='ocrx_word' id='word_1_179' title='bbox 1780 1142 1836 1185; x_wconf 91' lang='lat' dir='ltr'>ita</span> <span class='ocrx_word' id='word_1_180' title='bbox 1860 1142 1996 1185; x_wconf 88' lang='lat' dir='ltr'>eruci-</span> 
     </span>
     <span class='ocr_line' id='line_1_60' title="bbox 502 1200 1997 1260; baseline 0.002 -18"><span class='ocrx_word' id='word_1_181' title='bbox 502 1200 657 1251; x_wconf 82' lang='lat' dir='ltr'>fixerit,</span> <span class='ocrx_word' id='word_1_182' title='bbox 698 1208 742 1244; x_wconf 92' lang='lat' dir='ltr'>ut</span> <span class='ocrx_word' id='word_1_183' title='bbox 776 1200 816 1243; x_wconf 94' lang='lat' dir='ltr'>in</span> <span class='ocrx_word' id='word_1_184' title='bbox 853 1203 910 1244; x_wconf 86' lang='lat' dir='ltr'>Ea</span> <span class='ocrx_word' id='word_1_185' title='bbox 943 1200 1177 1259; x_wconf 88' lang='lat' dir='ltr'>quemlibet</span> <span class='ocrx_word' id='word_1_186' title='bbox 1216 1200 1305 1243; x_wconf 89' lang='lat' dir='ltr'>irae</span> <span class='ocrx_word' id='word_1_187' title='bbox 1339 1201 1568 1259; x_wconf 88' lang='lat' dir='ltr'>impetum,</span> <span class='ocrx_word' id='word_1_188' title='bbox 1595 1216 1856 1260; x_wconf 85' lang='lat' dir='ltr'>omnemque</span> <span class='ocrx_word' id='word_1_189' title='bbox 1880 1202 1997 1245; x_wconf 91' lang='lat' dir='ltr'>inor-</span> 
     </span>
     <span class='ocr_line' id='line_1_61' title="bbox 500 1260 1999 1320; baseline 0.001 -17"><span class='ocrx_word' id='word_1_190' title='bbox 500 1261 694 1304; x_wconf 88' lang='lat' dir='ltr'>dinatum</span> <span class='ocrx_word' id='word_1_191' title='bbox 740 1261 870 1305; x_wconf 90' lang='lat' dir='ltr'>animi</span> <span class='ocrx_word' id='word_1_192' title='bbox 917 1269 958 1304; x_wconf 91' lang='lat' dir='ltr'>et</span> <span class='ocrx_word' id='word_1_193' title='bbox 991 1260 1355 1317; x_wconf 86' lang='lat' dir='ltr'>concupiscentiae</span> <span class='ocrx_word' id='word_1_194' title='bbox 1389 1271 1556 1305; x_wconf 86' lang='lat' dir='ltr'>motum</span> <span class='ocrx_word' id='word_1_195' title='bbox 1589 1262 1838 1320; x_wconf 89' lang='lat' dir='ltr'>plenissime</span> <span class='ocrx_word' id='word_1_196' title='bbox 1875 1262 1999 1305; x_wconf 88' lang='lat' dir='ltr'>cohi-</span> 
     </span>
     <span class='ocr_line' id='line_1_62' title="bbox 498 1321 1999 1373; baseline 0.001 -8"><span class='ocrx_word' id='word_1_197' title='bbox 498 1322 662 1373; x_wconf 89' lang='lat' dir='ltr'>buerit,</span> <span class='ocrx_word' id='word_1_198' title='bbox 702 1337 753 1364; x_wconf 90' lang='lat' dir='ltr'>ne</span> <span class='ocrx_word' id='word_1_199' title='bbox 787 1321 927 1365; x_wconf 79' lang='lat' dir='ltr'>(licam</span> <span class='ocrx_word' id='word_1_200' title='bbox 962 1321 1204 1364; x_wconf 83' lang='lat' dir='ltr'>extinxerit.</span> <span class='ocrx_word' id='word_1_201' title='bbox 1245 1322 1401 1366; x_wconf 84' lang='lat' dir='ltr'>luverit</span> <span class='ocrx_word' id='word_1_202' title='bbox 1436 1322 1527 1366; x_wconf 87' lang='lat' dir='ltr'>heic</span> <span class='ocrx_word' id='word_1_203' title='bbox 1562 1322 1602 1365; x_wconf 94' lang='lat' dir='ltr'>in</span> <span class='ocrx_word' id='word_1_204' title='bbox 1641 1331 1830 1366; x_wconf 86' lang='lat' dir='ltr'>mentem</span> <span class='ocrx_word' id='word_1_205' title='bbox 1865 1338 1999 1366; x_wconf 89' lang='lat' dir='ltr'>revo-</span> 
     </span>
     <span class='ocr_line' id='line_1_63' title="bbox 501 1381 1999 1440; baseline 0.001 -15"><span class='ocrx_word' id='word_1_206' title='bbox 501 1397 595 1426; x_wconf 86' lang='lat' dir='ltr'>care</span> <span class='ocrx_word' id='word_1_207' title='bbox 643 1382 803 1425; x_wconf 88' lang='lat' dir='ltr'>sactum</span> <span class='ocrx_word' id='word_1_208' title='bbox 848 1381 950 1425; x_wconf 91' lang='lat' dir='ltr'>illud</span> <span class='ocrx_word' id='word_1_209' title='bbox 994 1382 1190 1440; x_wconf 91' lang='lat' dir='ltr'>superius</span> <span class='ocrx_word' id='word_1_210' title='bbox 1236 1382 1279 1425; x_wconf 90' lang='lat' dir='ltr'>in</span> <span class='ocrx_word' id='word_1_211' title='bbox 1315 1382 1439 1426; x_wconf 90' lang='lat' dir='ltr'>titulo</span> <span class='ocrx_word' id='word_1_212' title='bbox 1473 1383 1528 1426; x_wconf 87' lang='lat' dir='ltr'>de</span> <span class='ocrx_word' id='word_1_213' title='bbox 1562 1383 1831 1427; x_wconf 73' lang='lat' dir='ltr'>Fon-titudine</span> <span class='ocrx_word' id='word_1_214' title='bbox 1872 1399 1894 1426; x_wconf 88' lang='lat' dir='ltr'>a</span> <span class='ocrx_word' id='word_1_215' title='bbox 1928 1397 1999 1427; x_wconf 86' lang='lat' dir='ltr'>me</span> 
     </span>
     <span class='ocr_line' id='line_1_64' title="bbox 498 1441 1992 1502; baseline 0.001 -16"><span class='ocrx_word' id='word_1_216' title='bbox 498 1443 675 1487; x_wconf 88' lang='lat' dir='ltr'>allatum</span> <span class='ocrx_word' id='word_1_217' title='bbox 709 1442 883 1501; x_wconf 77' lang='lat' dir='ltr'>(piando</span> <span class='ocrx_word' id='word_1_218' title='bbox 918 1441 1118 1486; x_wconf 72' lang='lat' dir='ltr'>videlicet</span> <span class='ocrx_word' id='word_1_219' title='bbox 1152 1442 1284 1485; x_wconf 88' lang='lat' dir='ltr'>Serva</span> <span class='ocrx_word' id='word_1_220' title='bbox 1309 1443 1388 1486; x_wconf 91' lang='lat' dir='ltr'>Dei</span> <span class='ocrx_word' id='word_1_221' title='bbox 1412 1444 1575 1486; x_wconf 86' lang='lat' dir='ltr'>intenta</span> <span class='ocrx_word' id='word_1_222' title='bbox 1598 1443 1769 1487; x_wconf 87' lang='lat' dir='ltr'>cuidam</span> <span class='ocrx_word' id='word_1_223' title='bbox 1803 1445 1992 1502; x_wconf 80' lang='lat' dir='ltr'>picturae</span> 
     </span>
     <span class='ocr_line' id='line_1_65' title="bbox 500 1502 1995 1561; baseline 0.001 -15"><span class='ocrx_word' id='word_1_224' title='bbox 500 1502 623 1561; x_wconf 88' lang='lat' dir='ltr'>operi</span> <span class='ocrx_word' id='word_1_225' title='bbox 659 1519 743 1546; x_wconf 92' lang='lat' dir='ltr'>uno</span> <span class='ocrx_word' id='word_1_226' title='bbox 779 1510 946 1546; x_wconf 87' lang='lat' dir='ltr'>tantum</span> <span class='ocrx_word' id='word_1_227' title='bbox 979 1502 1050 1546; x_wconf 82' lang='lat' dir='ltr'>(lie</span> <span class='ocrx_word' id='word_1_228' title='bbox 1086 1502 1215 1545; x_wconf 89' lang='lat' dir='ltr'>vicies</span> <span class='ocrx_word' id='word_1_229' title='bbox 1249 1511 1292 1545; x_wconf 91' lang='lat' dir='ltr'>et</span> <span class='ocrx_word' id='word_1_230' title='bbox 1325 1503 1506 1561; x_wconf 88' lang='lat' dir='ltr'>amplius</span> <span class='ocrx_word' id='word_1_231' title='bbox 1550 1503 1659 1546; x_wconf 85' lang='lat' dir='ltr'>illud</span> <span class='ocrx_word' id='word_1_232' title='bbox 1707 1504 1995 1547; x_wconf 85' lang='lat' dir='ltr'>intermittere</span> 
     </span>
     <span class='ocr_line' id='line_1_66' title="bbox 500 1561 1996 1622; baseline -0.001 -15"><span class='ocrx_word' id='word_1_233' title='bbox 500 1570 863 1615; x_wconf 88' lang='lat' dir='ltr'>eoacta‚attamen</span> <span class='ocrx_word' id='word_1_234' title='bbox 898 1562 1143 1606; x_wconf 88' lang='lat' dir='ltr'>huiusmodi</span> <span class='ocrx_word' id='word_1_235' title='bbox 1182 1561 1224 1605; x_wconf 91' lang='lat' dir='ltr'>in</span> <span class='ocrx_word' id='word_1_236' title='bbox 1259 1562 1465 1607; x_wconf 86' lang='lat' dir='ltr'>adiuncto</span> <span class='ocrx_word' id='word_1_237' title='bbox 1489 1563 1604 1621; x_wconf 88' lang='lat' dir='ltr'>quod</span> <span class='ocrx_word' id='word_1_238' title='bbox 1630 1563 1695 1606; x_wconf 88' lang='lat' dir='ltr'>vel</span> <span class='ocrx_word' id='word_1_239' title='bbox 1730 1564 1866 1622; x_wconf 84' lang='lat' dir='ltr'>ipsam</span> <span class='ocrx_word' id='word_1_240' title='bbox 1902 1563 1996 1607; x_wconf 90' lang='lat' dir='ltr'>lobi</span> 
     </span>
     <span class='ocr_line' id='line_1_67' title="bbox 500 1623 1999 1682; baseline -0.001 -14"><span class='ocrx_word' id='word_1_241' title='bbox 500 1624 751 1682; x_wconf 86' lang='lat' dir='ltr'>patientiam</span> <span class='ocrx_word' id='word_1_242' title='bbox 787 1623 929 1667; x_wconf 84' lang='lat' dir='ltr'>forsan</span> <span class='ocrx_word' id='word_1_243' title='bbox 963 1638 1238 1666; x_wconf 85' lang='lat' dir='ltr'>commovere</span> <span class='ocrx_word' id='word_1_244' title='bbox 1272 1640 1320 1667; x_wconf 91' lang='lat' dir='ltr'>ae</span> <span class='ocrx_word' id='word_1_245' title='bbox 1352 1623 1532 1682; x_wconf 81' lang='lat' dir='ltr'>fungere</span> <span class='ocrx_word' id='word_1_246' title='bbox 1554 1623 1774 1681; x_wconf 83' lang='lat' dir='ltr'>potuisset,</span> <span class='ocrx_word' id='word_1_247' title='bbox 1804 1626 1895 1682; x_wconf 89' lang='lat' dir='ltr'>lpsa</span> <span class='ocrx_word' id='word_1_248' title='bbox 1919 1623 1999 1667; x_wconf 90' lang='lat' dir='ltr'>im-</span> 
     </span>
     <span class='ocr_line' id='line_1_68' title="bbox 500 1683 1994 1743; baseline 0 -15"><span class='ocrx_word' id='word_1_249' title='bbox 500 1685 754 1743; x_wconf 85' lang='lat' dir='ltr'>perturbato</span> <span class='ocrx_word' id='word_1_250' title='bbox 787 1684 932 1728; x_wconf 89' lang='lat' dir='ltr'>animo</span> <span class='ocrx_word' id='word_1_251' title='bbox 966 1691 1008 1726; x_wconf 92' lang='lat' dir='ltr'>et</span> <span class='ocrx_word' id='word_1_252' title='bbox 1041 1683 1162 1727; x_wconf 91' lang='lat' dir='ltr'>vultu</span> <span class='ocrx_word' id='word_1_253' title='bbox 1196 1684 1354 1727; x_wconf 89' lang='lat' dir='ltr'>mansit</span> <span class='ocrx_word' id='word_1_254' title='bbox 1379 1686 1564 1728; x_wconf 89' lang='lat' dir='ltr'>maxima</span> <span class='ocrx_word' id='word_1_255' title='bbox 1590 1684 1783 1728; x_wconf 88' lang='lat' dir='ltr'>omnium</span> <span class='ocrx_word' id='word_1_256' title='bbox 1807 1685 1994 1728; x_wconf 87' lang='lat' dir='ltr'>admira-</span> 
     </span>
     <span class='ocr_line' id='line_1_69' title="bbox 499 1744 2001 1803; baseline -0.001 -14"><span class='ocrx_word' id='word_1_257' title='bbox 499 1745 632 1796; x_wconf 80' lang='lat' dir='ltr'>tione,</span> <span class='ocrx_word' id='word_1_258' title='bbox 669 1753 709 1789; x_wconf 89' lang='lat' dir='ltr'>et</span> <span class='ocrx_word' id='word_1_259' title='bbox 744 1752 919 1802; x_wconf 87' lang='lat' dir='ltr'>stupore</span> <span class='ocrx_word' id='word_1_260' title='bbox 953 1744 1199 1789; x_wconf 88' lang='lat' dir='ltr'>universali.</span> <span class='ocrx_word' id='word_1_261' title='bbox 1240 1745 1327 1789; x_wconf 87' lang='lat' dir='ltr'>Sed</span> <span class='ocrx_word' id='word_1_262' title='bbox 1360 1745 1466 1790; x_wconf 86' lang='lat' dir='ltr'>haee</span> <span class='ocrx_word' id='word_1_263' title='bbox 1498 1745 1596 1789; x_wconf 90' lang='lat' dir='ltr'>satis</span> <span class='ocrx_word' id='word_1_264' title='bbox 1620 1746 1763 1803; x_wconf 87' lang='lat' dir='ltr'>quoad</span> <span class='ocrx_word' id='word_1_265' title='bbox 1786 1744 2001 1789; x_wconf 85' lang='lat' dir='ltr'>heroicam</span> 
     </span>
     <span class='ocr_line' id='line_1_70' title="bbox 500 1805 2000 1864; baseline -0.001 -14"><span class='ocrx_word' id='word_1_266' title='bbox 500 1807 659 1851; x_wconf 88' lang='lat' dir='ltr'>Servae</span> <span class='ocrx_word' id='word_1_267' title='bbox 683 1806 766 1849; x_wconf 83' lang='lat' dir='ltr'>Dei</span> <span class='ocrx_word' id='word_1_268' title='bbox 789 1806 1158 1864; x_wconf 87' lang='lat' dir='ltr'>Temperantiam.</span> <span class='ocrx_word' id='word_1_269' title='bbox 1186 1806 1381 1850; x_wconf 88' lang='lat' dir='ltr'>Gradum</span> <span class='ocrx_word' id='word_1_270' title='bbox 1407 1807 1539 1850; x_wconf 87' lang='lat' dir='ltr'>modo</span> <span class='ocrx_word' id='word_1_271' title='bbox 1563 1805 1717 1849; x_wconf 85' lang='lat' dir='ltr'>faciam</span> <span class='ocrx_word' id='word_1_272' title='bbox 1741 1808 1796 1852; x_wconf 91' lang='lat' dir='ltr'>ad</span> <span class='ocrx_word' id='word_1_273' title='bbox 1820 1823 1868 1851; x_wconf 88' lang='lat' dir='ltr'>ea</span> <span class='ocrx_word' id='word_1_274' title='bbox 1888 1821 2000 1864; x_wconf 85' lang='lat' dir='ltr'>quae</span> 
     </span>
     <span class='ocr_line' id='line_1_71' title="bbox 500 1866 1072 1925; baseline -0.002 -15"><span class='ocrx_word' id='word_1_275' title='bbox 500 1881 552 1910; x_wconf 88' lang='lat' dir='ltr'>ex</span> <span class='ocrx_word' id='word_1_276' title='bbox 587 1866 709 1925; x_wconf 89' lang='lat' dir='ltr'>praxi</span> <span class='ocrx_word' id='word_1_277' title='bbox 743 1866 927 1910; x_wconf 86' lang='lat' dir='ltr'>dicenda</span> <span class='ocrx_word' id='word_1_278' title='bbox 961 1874 1072 1910; x_wconf 91' lang='lat' dir='ltr'>sunt.</span> 
     </span>
    </p>
   </div>
   <div class='ocr_carea' id='block_1_10' title="bbox 685 1992 1701 2043">
    <p class='ocr_par' dir='ltr' id='par_1_10' title="bbox 685 1992 1701 2043">
     <span class='ocr_line' id='line_1_72' title="bbox 685 1992 1701 2043; baseline -0.001 -2"><span class='ocrx_word' id='word_1_279' title='bbox 685 1992 759 2041; x_wconf 84' lang='lat' dir='ltr'>De</span> <span class='ocrx_word' id='word_1_280' title='bbox 800 1992 999 2043; x_wconf 85' lang='lat' dir='ltr'>heroica</span> <span class='ocrx_word' id='word_1_281' title='bbox 1043 1992 1223 2042; x_wconf 81' lang='lat' dir='ltr'>Sorvae</span> <span class='ocrx_word' id='word_1_282' title='bbox 1264 1992 1353 2040; x_wconf 87' lang='lat' dir='ltr'>Dci</span> <span class='ocrx_word' id='word_1_283' title='bbox 1405 1992 1701 2042; x_wconf 83' lang='lat' dir='ltr'>humilitate.</span> 
     </span>
    </p>
   </div>
   <div class='ocr_carea' id='block_1_11' title="bbox 501 2111 2008 2953">
    <p class='ocr_par' dir='ltr' id='par_1_11' title="bbox 501 2111 2008 2953">
     <span class='ocr_line' id='line_1_73' title="bbox 521 2111 2003 2171; baseline -0.002 -14"><span class='ocrx_word' id='word_1_284' title='bbox 521 2115 694 2171; x_wconf 87' lang='lat' dir='ltr'>Duplex</span> <span class='ocrx_word' id='word_1_285' title='bbox 727 2121 901 2157; x_wconf 89' lang='lat' dir='ltr'>auctore</span> <span class='ocrx_word' id='word_1_286' title='bbox 935 2114 979 2156; x_wconf 82' lang='lat' dir='ltr'>S.</span> <span class='ocrx_word' id='word_1_287' title='bbox 1017 2113 1278 2170; x_wconf 80' lang='lat' dir='ltr'>Augustino,</span> <span class='ocrx_word' id='word_1_288' title='bbox 1319 2112 1379 2155; x_wconf 90' lang='lat' dir='ltr'>uti</span> <span class='ocrx_word' id='word_1_289' title='bbox 1412 2128 1543 2169; x_wconf 88' lang='lat' dir='ltr'>supra</span> <span class='ocrx_word' id='word_1_290' title='bbox 1578 2111 1694 2162; x_wconf 87' lang='lat' dir='ltr'>dixi,</span> <span class='ocrx_word' id='word_1_291' title='bbox 1732 2122 1794 2155; x_wconf 85' lang='lat' dir='ltr'>est</span> <span class='ocrx_word' id='word_1_292' title='bbox 1828 2118 2003 2169; x_wconf 88' lang='lat' dir='ltr'>tempe-</span> 
     </span>
     <span class='ocr_line' id='line_1_74' title="bbox 501 2172 2005 2230; baseline -0.003 -12"><span class='ocrx_word' id='word_1_293' title='bbox 501 2176 666 2219; x_wconf 87' lang='lat' dir='ltr'>rantiae</span> <span class='ocrx_word' id='word_1_294' title='bbox 707 2173 911 2217; x_wconf 82' lang='lat' dir='ltr'>officium.</span> <span class='ocrx_word' id='word_1_295' title='bbox 947 2173 1153 2217; x_wconf 58' lang='lat' dir='ltr'>Primum»</span> <span class='ocrx_word' id='word_1_296' title='bbox 1175 2173 1363 2217; x_wconf 86' lang='lat' dir='ltr'>consistit</span> <span class='ocrx_word' id='word_1_297' title='bbox 1397 2172 1439 2215; x_wconf 91' lang='lat' dir='ltr'>in</span> <span class='ocrx_word' id='word_1_298' title='bbox 1480 2181 1732 2230; x_wconf 88' lang='lat' dir='ltr'>contemptu</span> <span class='ocrx_word' id='word_1_299' title='bbox 1756 2172 1895 2215; x_wconf 86' lang='lat' dir='ltr'>omnis</span> <span class='ocrx_word' id='word_1_300' title='bbox 1912 2187 2005 2214; x_wconf 87' lang='lat' dir='ltr'>eor-</span> 
     </span>
     <span class='ocr_line' id='line_1_75' title="bbox 502 2233 2007 2295; baseline -0.003 -16"><span class='ocrx_word' id='word_1_301' title='bbox 502 2236 659 2295; x_wconf 83' lang='lat' dir='ltr'>poralis</span> <span class='ocrx_word' id='word_1_302' title='bbox 708 2235 941 2291; x_wconf 87' lang='lat' dir='ltr'>voluptatis</span> <span class='ocrx_word' id='word_1_303' title='bbox 989 2242 1030 2276; x_wconf 88' lang='lat' dir='ltr'>et</span> <span class='ocrx_word' id='word_1_304' title='bbox 1073 2248 1275 2277; x_wconf 87' lang='lat' dir='ltr'>sensuum</span> <span class='ocrx_word' id='word_1_305' title='bbox 1320 2233 1657 2284; x_wconf 86' lang='lat' dir='ltr'>illecebrarum,</span> <span class='ocrx_word' id='word_1_306' title='bbox 1695 2240 1737 2275; x_wconf 74' lang='lat' dir='ltr'>ct</span> <span class='ocrx_word' id='word_1_307' title='bbox 1770 2233 1849 2276; x_wconf 91' lang='lat' dir='ltr'>hoc</span> <span class='ocrx_word' id='word_1_308' title='bbox 1890 2246 2007 2275; x_wconf 88' lang='lat' dir='ltr'>com-</span> 
     </span>
     <span class='ocr_line' id='line_1_76' title="bbox 502 2292 2006 2353; baseline -0.003 -13"><span class='ocrx_word' id='word_1_309' title='bbox 502 2297 692 2340; x_wconf 85' lang='lat' dir='ltr'>muniter</span> <span class='ocrx_word' id='word_1_310' title='bbox 709 2295 915 2353; x_wconf 84' lang='lat' dir='ltr'>accipitur</span> <span class='ocrx_word' id='word_1_311' title='bbox 934 2310 1011 2351; x_wconf 84' lang='lat' dir='ltr'>pro</span> <span class='ocrx_word' id='word_1_312' title='bbox 1028 2292 1364 2352; x_wconf 84' lang='lat' dir='ltr'>Temperantiae</span> <span class='ocrx_word' id='word_1_313' title='bbox 1386 2293 1544 2336; x_wconf 89' lang='lat' dir='ltr'>virtute</span> <span class='ocrx_word' id='word_1_314' title='bbox 1561 2293 1617 2337; x_wconf 91' lang='lat' dir='ltr'>de</span> <span class='ocrx_word' id='word_1_315' title='bbox 1650 2309 1735 2352; x_wconf 87' lang='lat' dir='ltr'>qua</span> <span class='ocrx_word' id='word_1_316' title='bbox 1754 2293 1839 2336; x_wconf 90' lang='lat' dir='ltr'>iam</span> <span class='ocrx_word' id='word_1_317' title='bbox 1864 2300 2006 2336; x_wconf 87' lang='lat' dir='ltr'>aetum</span> 
     </span>
     <span class='ocr_line' id='line_1_77' title="bbox 501 2353 2007 2412; baseline -0.003 -12"><span class='ocrx_word' id='word_1_318' title='bbox 501 2366 579 2401; x_wconf 90' lang='lat' dir='ltr'>est.</span> <span class='ocrx_word' id='word_1_319' title='bbox 618 2356 815 2399; x_wconf 85' lang='lat' dir='ltr'>Alterum</span> <span class='ocrx_word' id='word_1_320' title='bbox 864 2370 967 2398; x_wconf 89' lang='lat' dir='ltr'>vero</span> <span class='ocrx_word' id='word_1_321' title='bbox 999 2364 1063 2398; x_wconf 85' lang='lat' dir='ltr'>est</span> <span class='ocrx_word' id='word_1_322' title='bbox 1110 2353 1331 2412; x_wconf 91' lang='lat' dir='ltr'>popularis</span> <span class='ocrx_word' id='word_1_323' title='bbox 1373 2353 1512 2397; x_wconf 91' lang='lat' dir='ltr'>laudis</span> <span class='ocrx_word' id='word_1_324' title='bbox 1553 2362 1850 2412; x_wconf 85' lang='lat' dir='ltr'>contemptuS,</span> <span class='ocrx_word' id='word_1_325' title='bbox 1889 2361 1931 2396; x_wconf 86' lang='lat' dir='ltr'>et</span> <span class='ocrx_word' id='word_1_326' title='bbox 1965 2354 2007 2395; x_wconf 90' lang='lat' dir='ltr'>in</span> 
     </span>
     <span class='ocr_line' id='line_1_78' title="bbox 501 2414 2003 2472; baseline -0.003 -11"><span class='ocrx_word' id='word_1_327' title='bbox 501 2418 581 2461; x_wconf 88' lang='lat' dir='ltr'>hoe</span> <span class='ocrx_word' id='word_1_328' title='bbox 613 2415 804 2460; x_wconf 81' lang='lat' dir='ltr'>consistit</span> <span class='ocrx_word' id='word_1_329' title='bbox 836 2415 1094 2458; x_wconf 88' lang='lat' dir='ltr'>humilitatis</span> <span class='ocrx_word' id='word_1_330' title='bbox 1127 2414 1393 2458; x_wconf 85' lang='lat' dir='ltr'>Christianae</span> <span class='ocrx_word' id='word_1_331' title='bbox 1428 2414 1561 2458; x_wconf 84' lang='lat' dir='ltr'>virtus</span> <span class='ocrx_word' id='word_1_332' title='bbox 1594 2415 1715 2459; x_wconf 89' lang='lat' dir='ltr'>euius</span> <span class='ocrx_word' id='word_1_333' title='bbox 1749 2414 1816 2458; x_wconf 87' lang='lat' dir='ltr'>vel</span> <span class='ocrx_word' id='word_1_334' title='bbox 1862 2415 2003 2472; x_wconf 90' lang='lat' dir='ltr'>ipsum</span> 
     </span>
     <span class='ocr_line' id='line_1_79' title="bbox 503 2474 2008 2533; baseline -0.003 -12"><span class='ocrx_word' id='word_1_335' title='bbox 503 2493 662 2521; x_wconf 89' lang='lat' dir='ltr'>nomen</span> <span class='ocrx_word' id='word_1_336' title='bbox 695 2478 751 2520; x_wconf 90' lang='lat' dir='ltr'>ab</span> <span class='ocrx_word' id='word_1_337' title='bbox 785 2476 965 2520; x_wconf 90' lang='lat' dir='ltr'>ethnicis</span> <span class='ocrx_word' id='word_1_338' title='bbox 1010 2476 1254 2533; x_wconf 75' lang='lat' dir='ltr'>ignoratum</span> <span class='ocrx_word' id='word_1_339' title='bbox 1304 2483 1426 2524; x_wconf 86' lang='lat' dir='ltr'>erat,</span> <span class='ocrx_word' id='word_1_340' title='bbox 1452 2483 1497 2518; x_wconf 88' lang='lat' dir='ltr'>et</span> <span class='ocrx_word' id='word_1_341' title='bbox 1530 2491 1640 2533; x_wconf 88' lang='lat' dir='ltr'>quae</span> <span class='ocrx_word' id='word_1_342' title='bbox 1676 2477 1718 2519; x_wconf 90' lang='lat' dir='ltr'>in</span> <span class='ocrx_word' id='word_1_343' title='bbox 1754 2491 1837 2519; x_wconf 89' lang='lat' dir='ltr'>una</span> <span class='ocrx_word' id='word_1_344' title='bbox 1882 2474 2008 2518; x_wconf 92' lang='lat' dir='ltr'>dum-</span> 
     </span>
     <span class='ocr_line' id='line_1_80' title="bbox 506 2534 2004 2595; baseline -0.003 -13"><span class='ocrx_word' id='word_1_345' title='bbox 506 2546 621 2582; x_wconf 86' lang='lat' dir='ltr'>taxat</span> <span class='ocrx_word' id='word_1_346' title='bbox 655 2538 873 2583; x_wconf 86' lang='lat' dir='ltr'>Catholiea</span> <span class='ocrx_word' id='word_1_347' title='bbox 906 2536 1131 2595; x_wconf 78' lang='lat' dir='ltr'>Religione</span> <span class='ocrx_word' id='word_1_348' title='bbox 1168 2536 1402 2580; x_wconf 87' lang='lat' dir='ltr'>invenitur.</span> <span class='ocrx_word' id='word_1_349' title='bbox 1439 2538 1507 2580; x_wconf 87' lang='lat' dir='ltr'>De</span> <span class='ocrx_word' id='word_1_350' title='bbox 1541 2537 1618 2580; x_wconf 91' lang='lat' dir='ltr'>hac</span> <span class='ocrx_word' id='word_1_351' title='bbox 1674 2538 1816 2595; x_wconf 89' lang='lat' dir='ltr'>itaque</span> <span class='ocrx_word' id='word_1_352' title='bbox 1872 2534 2004 2578; x_wconf 91' lang='lat' dir='ltr'>modo</span> 
     </span>
     <span class='ocr_line' id='line_1_81' title="bbox 506 2596 2008 2658; baseline -0.003 -15"><span class='ocrx_word' id='word_1_353' title='bbox 506 2599 743 2658; x_wconf 80' lang='lat' dir='ltr'>agendum,</span> <span class='ocrx_word' id='word_1_354' title='bbox 783 2598 1016 2656; x_wconf 88' lang='lat' dir='ltr'>praemisso</span> <span class='ocrx_word' id='word_1_355' title='bbox 1049 2597 1168 2656; x_wconf 90' lang='lat' dir='ltr'>quod</span> <span class='ocrx_word' id='word_1_356' title='bbox 1191 2603 1333 2640; x_wconf 82' lang='lat' dir='ltr'>tantae</span> <span class='ocrx_word' id='word_1_357' title='bbox 1355 2598 1615 2642; x_wconf 86' lang='lat' dir='ltr'>necessitatis</span> <span class='ocrx_word' id='word_1_358' title='bbox 1650 2607 1777 2655; x_wconf 89' lang='lat' dir='ltr'>atque</span> <span class='ocrx_word' id='word_1_359' title='bbox 1812 2596 2008 2639; x_wconf 88' lang='lat' dir='ltr'>utilitatis</span> 
     </span>
     <span class='ocr_line' id='line_1_82' title="bbox 507 2656 2006 2716; baseline -0.003 -12"><span class='ocrx_word' id='word_1_360' title='bbox 507 2676 557 2704; x_wconf 90' lang='lat' dir='ltr'>ea</span> <span class='ocrx_word' id='word_1_361' title='bbox 590 2668 653 2704; x_wconf 86' lang='lat' dir='ltr'>est</span> <span class='ocrx_word' id='word_1_362' title='bbox 687 2667 734 2702; x_wconf 91' lang='lat' dir='ltr'>ut</span> <span class='ocrx_word' id='word_1_363' title='bbox 768 2659 892 2703; x_wconf 92' lang='lat' dir='ltr'>sicuti</span> <span class='ocrx_word' id='word_1_364' title='bbox 925 2675 979 2702; x_wconf 90' lang='lat' dir='ltr'>ex</span> <span class='ocrx_word' id='word_1_365' title='bbox 1012 2674 1095 2702; x_wconf 90' lang='lat' dir='ltr'>una</span> <span class='ocrx_word' id='word_1_366' title='bbox 1131 2667 1250 2716; x_wconf 91' lang='lat' dir='ltr'>parte</span> <span class='ocrx_word' id='word_1_367' title='bbox 1284 2658 1433 2709; x_wconf 86' lang='lat' dir='ltr'>radix,</span> <span class='ocrx_word' id='word_1_368' title='bbox 1473 2674 1521 2701; x_wconf 87' lang='lat' dir='ltr'>ac</span> <span class='ocrx_word' id='word_1_369' title='bbox 1554 2658 1884 2702; x_wconf 81' lang='lat' dir='ltr'>fundamentum</span> <span class='ocrx_word' id='word_1_370' title='bbox 1923 2656 2006 2700; x_wconf 89' lang='lat' dir='ltr'>vir-</span> 
     </span>
     <span class='ocr_line' id='line_1_83' title="bbox 505 2719 2007 2778; baseline -0.003 -13"><span class='ocrx_word' id='word_1_371' title='bbox 505 2730 650 2765; x_wconf 92' lang='lat' dir='ltr'>tutum</span> <span class='ocrx_word' id='word_1_372' title='bbox 683 2719 880 2763; x_wconf 90' lang='lat' dir='ltr'>omnium</span> <span class='ocrx_word' id='word_1_373' title='bbox 916 2720 1066 2764; x_wconf 88' lang='lat' dir='ltr'>haberi</span> <span class='ocrx_word' id='word_1_374' title='bbox 1100 2719 1258 2771; x_wconf 88' lang='lat' dir='ltr'>debet,</span> <span class='ocrx_word' id='word_1_375' title='bbox 1298 2719 1354 2762; x_wconf 87' lang='lat' dir='ltr'>ita</span> <span class='ocrx_word' id='word_1_376' title='bbox 1387 2734 1562 2778; x_wconf 89' lang='lat' dir='ltr'>quoque</span> <span class='ocrx_word' id='word_1_377' title='bbox 1601 2735 1653 2762; x_wconf 87' lang='lat' dir='ltr'>ex</span> <span class='ocrx_word' id='word_1_378' title='bbox 1695 2719 1828 2762; x_wconf 87' lang='lat' dir='ltr'>altera</span> <span class='ocrx_word' id='word_1_379' title='bbox 1875 2719 2007 2761; x_wconf 87' lang='lat' dir='ltr'>Tem-</span> 
     </span>
     <span class='ocr_line' id='line_1_84' title="bbox 506 2779 2007 2841; baseline -0.003 -16"><span class='ocrx_word' id='word_1_380' title='bbox 506 2781 727 2841; x_wconf 87' lang='lat' dir='ltr'>perantiae</span> <span class='ocrx_word' id='word_1_381' title='bbox 762 2780 1071 2839; x_wconf 81' lang='lat' dir='ltr'>perfectionem</span> <span class='ocrx_word' id='word_1_382' title='bbox 1106 2781 1324 2838; x_wconf 90' lang='lat' dir='ltr'>importet,</span> <span class='ocrx_word' id='word_1_383' title='bbox 1364 2788 1408 2823; x_wconf 93' lang='lat' dir='ltr'>ut</span> <span class='ocrx_word' id='word_1_384' title='bbox 1441 2780 1559 2823; x_wconf 88' lang='lat' dir='ltr'>enim</span> <span class='ocrx_word' id='word_1_385' title='bbox 1593 2779 1718 2823; x_wconf 89' lang='lat' dir='ltr'>docet</span> <span class='ocrx_word' id='word_1_386' title='bbox 1752 2779 2007 2823; x_wconf 88' lang='lat' dir='ltr'>S.Thomas</span> 
     </span>
     <span class='ocr_line' id='line_1_85' title="bbox 506 2839 2006 2900; baseline -0.003 -13"><span class='ocrx_word' id='word_1_387' title='bbox 506 2845 550 2887; x_wconf 79' lang='lat'>2.</span> <span class='ocrx_word' id='word_1_388' title='bbox 588 2844 633 2886; x_wconf 78' lang='lat'>2.</span> <span class='ocrx_word' id='word_1_389' title='bbox 670 2848 835 2900; x_wconf 85' lang='lat' dir='ltr'>quaest.</span> <span class='ocrx_word' id='word_1_390' title='bbox 874 2842 963 2885; x_wconf 72' lang='lat'>464</span> <span class='ocrx_word' id='word_1_391' title='bbox 997 2850 1076 2885; x_wconf 89' lang='lat' dir='ltr'>art.</span> <span class='ocrx_word' id='word_1_392' title='bbox 1115 2841 1159 2884; x_wconf 74' lang='lat'><em>&#39;;-.</em></span> <span class='ocrx_word' id='word_1_393' title='bbox 1198 2840 1358 2884; x_wconf 83' lang='lat' dir='ltr'>Eadem</span> <span class='ocrx_word' id='word_1_394' title='bbox 1392 2867 1410 2875; x_wconf 63' lang='lat'><em>«</em></span> <span class='ocrx_word' id='word_1_395' title='bbox 1452 2848 1696 2899; x_wconf 85' lang='lat' dir='ltr'>temperat,</span> <span class='ocrx_word' id='word_1_396' title='bbox 1735 2847 1777 2883; x_wconf 87' lang='lat' dir='ltr'>et</span> <span class='ocrx_word' id='word_1_397' title='bbox 1819 2839 2006 2883; x_wconf 85' lang='lat' dir='ltr'>refrenat</span> 
     </span>
     <span class='ocr_line' id='line_1_86' title="bbox 507 2901 1602 2953; baseline -0.004 -5"><span class='ocrx_word' id='word_1_398' title='bbox 507 2903 719 2953; x_wconf 87' lang='lat' dir='ltr'>animum,</span> <span class='ocrx_word' id='word_1_399' title='bbox 758 2918 811 2946; x_wconf 83' lang='lat' dir='ltr'>ne</span> <span class='ocrx_word' id='word_1_400' title='bbox 845 2902 1128 2947; x_wconf 87' lang='lat' dir='ltr'>immoderate</span> <span class='ocrx_word' id='word_1_401' title='bbox 1163 2902 1204 2944; x_wconf 91' lang='lat' dir='ltr'>in</span> <span class='ocrx_word' id='word_1_402' title='bbox 1239 2901 1405 2946; x_wconf 87' lang='lat' dir='ltr'>excelsa</span> <span class='ocrx_word' id='word_1_403' title='bbox 1438 2902 1602 2946; x_wconf 90' lang='lat' dir='ltr'>tendat.</span> 
     </span>
    </p>
   </div>
   <div class='ocr_carea' id='block_1_12' title="bbox 2457 0 2744 3584">
    <p class='ocr_par' dir='ltr' id='par_1_12' title="bbox 2457 0 2744 3584">
     <span class='ocr_line' id='line_1_87' title="bbox 2457 0 2744 3584; baseline 0 0"><span class='ocrx_word' id='word_1_404' title='bbox 2457 0 2744 3584; x_wconf 95' lang='lat' dir='ltr'> </span> 
     </span>
    </p>
   </div>
  </div>
 </body>
</html>
