2608 3568
2037 368 2116 412 ’101

622 467 637 485 .
667 461 691 489 e
724 445 767 489 di
801 442 946 487 donne
981 440 1151 498 (queste
1173 438 1459 483 dimoravano
1480 454 1621 498 spesso
1644 439 1798 483 denti-o
1823 440 1850 483 il
1868 441 2126 501 Monastero)

622 527 638 547 ι
668 507 746 550 che
769 502 1051 548 assediavano
1074 499 1427 544 continuamente
1452 499 1489 543 ia
1514 508 1631 559 grata
1654 501 1767 545 onde
1790 500 1937 545 venire
1962 502 2129 546 isti-uite

626 588 641 606 ι
670 566 783 610 nella
817 563 932 608 sede.
968 563 1123 604 Invece
1155 560 1200 604 di
1234 568 1426 604 restarne
1460 569 1663 605 nauseata
1696 561 1735 605 ia
1767 562 1914 606 Madre
1947 562 2131 606 delt‘ln-

625 649 641 667 ι
672 626 922 671 carnazione
954 622 1089 666 emise
1122 621 1251 665 allora
1287 621 1314 664 il
1348 630 1449 665 voto
1482 636 1670 680 espresso
1703 622 1747 665 di
1782 622 1846 666 far
1880 631 2005 674 tutto,
2036 639 2059 667 e
2081 622 2126 667 di

624 708 641 728 ι
670 686 809 732 soffrir
843 692 953 728 tutto
987 683 1101 726 nella
1135 682 1363 726 vocazione
1397 681 1508 726 nella
1541 682 1668 741 quale
1690 698 1760 726 era
1784 692 1892 727 stata
1915 684 2128 727 chiamata

626 770 641 788 »
673 748 726 791 da
744 747 826 791 Dio
848 745 1060 804 (¹1).»1am
1079 758 1181 785 vero
1199 743 1298 802 quis
1315 743 1526 795 crederet,
1563 759 1615 787 cx
1650 743 1895 788 huiusmodi
1931 745 2127 788 testimo-

620 810 693 853 nio
726 805 841 866 quod
875 806 968 848 luce
1001 803 1242 848 meridiana
1276 804 1430 848 clarius
1463 803 1727 847 demonstrat
1761 804 1976 848 heroicam
2001 813 2043 848 et
2063 820 2133 849 su-

618 868 913 928 perinsignem
945 865 1198 908 charitatem
1233 866 1392 909 Sorvae
1426 864 1507 908 Dei
1531 881 1629 923 erga
1653 865 1904 908 Proximum
1924 879 2124 923 eamque,

621 929 740 989 quod
777 927 910 985 pluris
958 933 1053 977 est,
1106 925 1345 969 seeundum
1396 926 1635 976 scientiam,
1673 925 1956 969 Adversarius
2006 941 2130 984 prae-

623 988 907 1035 stantissimus
959 992 1263 1044 argumentum
1313 987 1445 1031 sumit
1498 986 1551 1030 ad
1603 986 1818 1031 defectum
1870 986 2131 1045 prudentiae

622 1050 863 1095 maximum
901 1047 943 1090 in
996 1047 1110 1089 dicta
1163 1046 1245 1088 Dei
1294 1047 1472 1091 Famula
1520 1047 1858 1105 coarguendum.
1908 1047 1994 1091 Sed
2045 1063 2131 1105 quo

622 1112 731 1162 iure,
767 1117 809 1152 et
843 1124 929 1166 quo
975 1106 1163 1150 veritatis
1206 1106 1489 1150 fundamento
1533 1123 1618 1151 non
1661 1109 1814 1160 video;
1864 1108 1978 1151 testis
2017 1108 2135 1152 enim

622 1187 711 1216 non
746 1169 847 1214 dicit
880 1167 997 1226 quod
1032 1167 1111 1210 viri
1146 1167 1403 1211 mulieribus
1438 1168 1813 1212 indiscriminatim
1854 1168 2076 1212 commixti
2112 1186 2135 1212 a

623 1234 756 1277 Serva
793 1230 871 1272 Dei
905 1229 948 1271 in
983 1228 1238 1271 Monastcrio
1273 1228 1609 1286 recipiebantur,
1637 1229 1711 1273 sed
1735 1229 1815 1273 hoc
1838 1237 2006 1272 tantum
2033 1244 2141 1273 asse-

622 1293 693 1344 rit,
728 1313 742 1330 u
775 1291 813 1334 la
846 1289 1044 1348 quantita
1078 1288 1122 1332 di
1157 1289 1335 1338 uomini‚
1372 1305 1395 1332 e
1429 1289 1474 1332 di
1496 1290 1638 1333 donne
1663 1289 1830 1349 (queste
1854 1289 2136 1333 dimoravano

632 1375 648 1393 ι
676 1368 818 1411 spcsso
852 1360 973 1393 entro
1007 1349 1036 1392 il
1070 1349 1328 1409 Monastero)
1362 1350 1439 1393 che
1473 1351 1751 1395 assediavano
1786 1351 1825 1395 ia
1862 1359 1982 1409 grata
2027 1349 2141 1393 onde

630 1435 646 1453 ι
674 1413 820 1457 venire
857 1411 1023 1453 isti-uite
1057 1410 1169 1452 nella
1204 1410 1300 1454 fede
1329 1431 1345 1448 »
1373 1426 1425 1454 ex
1459 1412 1616 1470 quibus
1651 1412 1793 1455 verbis
1831 1412 1957 1471 plane
1991 1410 2138 1455 dedu—

623 1475 736 1518 citur
767 1471 885 1530 quod
921 1486 1005 1514 non
1040 1470 1139 1522 viri,
1176 1470 1251 1514 sed
1287 1471 1491 1516 mulieres
1524 1472 1565 1515 in
1599 1473 1856 1517 Monasterio
1888 1488 2017 1530 saepe
2058 1471 2143 1515 de-

624 1535 802 1593 gebant,
841 1532 919 1574 hoc
952 1530 1069 1574 enim
1105 1531 1241 1574 innuit
1274 1546 1357 1574 vox
1391 1532 1463 1575 ina
1496 1541 1624 1591 queste
1671 1549 1769 1591 luae
1803 1532 1996 1592 profecto
2032 1532 2142 1575 rese-

623 1594 757 1639 renda
790 1599 851 1636 cst
884 1591 1140 1635 mulieribus
1174 1592 1323 1635 ultimo
1357 1593 1450 1637 loco
1485 1594 1728 1638 nominatis.
1767 1595 1854 1638 Sed
1877 1594 1978 1637 dato
2009 1594 2139 1636 etiam

622 1664 666 1699 et
700 1671 782 1698 non
818 1667 1033 1703 concesso,
1070 1652 1189 1709 quod
1223 1668 1305 1695 vox
1339 1653 1425 1705 ilia,
1465 1663 1609 1710 queste,
1648 1654 1796 1698 referri
1830 1661 1971 1712 posset
2010 1654 2142 1697 etiam

627 1716 681 1760 ad
718 1716 845 1764 viros,
884 1728 969 1755 non
1003 1727 1057 1755 ex
1093 1712 1171 1755 hoc
1203 1712 1398 1770 sequitur
1431 1715 1547 1772 quod
1581 1714 1693 1757 inter
1724 1722 1846 1772 septa
1894 1714 2145 1757 Monasterii

627 1782 877 1832 contempta
901 1772 1084 1831 provida
1117 1772 1327 1816 Ecclesiae
1349 1772 1405 1817 de
1426 1774 1631 1818 Clausura
1655 1775 1747 1832 lege
1769 1775 1851 1818 viri
1874 1783 1916 1818 et
1939 1774 2141 1818 mulieres

625 1834 845 1881 conmixti
882 1833 1256 1876 indiscriminatim
1301 1836 1639 1891 permanserint3
1689 1836 1774 1879 imo
1818 1836 1897 1878 hoc
1936 1835 1978 1878 ni
2022 1834 2144 1878 failor

624 1896 869 1941 excluditur
903 1910 955 1937 ex
990 1894 1090 1951 ipsis
1124 1894 1268 1937 verbis
1302 1910 1413 1953 quae
1446 1910 1556 1952 pene
1588 1905 1845 1954 sequuntur,
1883 1904 1925 1939 et
1960 1896 2016 1938 ab
2050 1895 2140 1939 Ad-

624 1957 813 2001 versario
846 1971 897 1998 ex
932 1953 1141 1998 industria
1173 1954 1341 1998 silentio
1373 1957 1632 2014 praeteritis,
1672 1956 1872 2000 videlieet
1910 1977 1924 1994 ιι
1955 1957 2032 2000 che
2066 1970 2142 1998 as-

632 2039 648 2058 »
675 2018 909 2061 sediavano
952 2015 1304 2058 continuamente
1353 2015 1391 2059 la
1438 2026 1585 2074 grata,
1623 2017 1737 2061 onde
1783 2017 1929 2060 venire
1975 2016 2140 2060 istruite

633 2100 649 2120 ι
678 2078 791 2121 nella
823 2077 954 2119 Fede.
988 2097 1003 2114 ι
1034 2077 1083 2118 Et
1115 2091 1216 2119 sane
1247 2077 1281 2119 si
1307 2077 1422 2120 iuxta
1450 2077 1695 2122 Adversarii
1720 2078 1853 2122 nostri
1870 2076 2144 2135 hypothesim

629 2138 709 2182 viri
731 2137 983 2182 mulieribus
999 2136 1184 2180 immixti
1214 2137 1326 2180 inter
1358 2136 1471 2181 dicta
1496 2139 1736 2182 Monasterii
1754 2147 1874 2197 septa
1893 2138 2144 2181 commorati

625 2199 802 2244 fuissent
835 2213 1042 2256 quorsum
1077 2197 1286 2241 cancellos
1310 2198 1442 2256 ipsius
1466 2200 1687 2244 obsidione
1709 2199 2033 2259 quodammodo
2056 2198 2142 2242 cin-

628 2261 805 2307 xissent,
844 2259 899 2302 ad
932 2259 1010 2302 hoe
1046 2265 1091 2301 ut
1128 2258 1170 2300 in
1203 2259 1325 2302 Fidei
1362 2261 1577 2318 mysteriis
1613 2260 1964 2304 instruerentur?
1992 2260 2145 2302 Nonne

627 2320 729 2365 dicti
761 2319 935 2363 cancelli
967 2319 1021 2362 de
1054 2318 1213 2377 quibus
1248 2319 1438 2378 loquitur
1482 2321 1594 2364 test-is
1628 2322 1848 2365 clausurae
1894 2329 1935 2364 et
1968 2319 2144 2378 quidem

625 2380 821 2439 rigidae,
871 2396 918 2423 ac
966 2379 1138 2422 strictae
1170 2389 1478 2438 argumentum
1512 2391 1640 2433 sunt,
1678 2391 1718 2424 et
1761 2382 1939 2440 quidem
1987 2381 2144 2439 cuique

629 2441 842 2485 obvium?
875 2442 923 2482 ln
956 2439 1218 2483 Monasteriis
1251 2456 1442 2502 namque
1475 2457 1584 2500 quae
1606 2442 1852 2486 huiusmodi
1870 2441 2063 2485 clausura
2081 2456 2148 2485 ea-

631 2510 755 2552 rent,
792 2500 1038 2545 huiusmodi
1084 2501 1258 2544 cancelli
1293 2518 1376 2545 non
1412 2503 1594 2555 adsunt,
1632 2504 1787 2562 cuique
1820 2517 2009 2561 namque
2040 2502 2147 2545 sieut

628 2564 673 2607 in
715 2562 892 2620 privatis
926 2561 1127 2605 domibus
1155 2570 1274 2619 patet
1313 2563 1453 2607 aditus
1489 2563 1739 2607 introeunti.
1765 2563 1968 2621 Denique
1994 2571 2039 2606 ut
2063 2562 2145 2605 alia

628 2624 829 2667 omittam
866 2638 978 2680 quae
1008 2623 1087 2665 hac
1116 2638 1243 2680 super
1277 2638 1322 2666 re
1354 2623 1561 2668 adnotare
1579 2639 1765 2683 possem,
1788 2624 1868 2667 hoe
1886 2638 2022 2667 unum
2040 2623 2142 2666 ani-

629 2683 855 2727 madverto
890 2683 1004 2743 quod
1039 2683 1116 2726 etsi
1149 2683 1281 2728 Serva
1313 2685 1393 2728 Dei
1426 2684 1626 2729 voluisset
1660 2686 1850 2744 recipere
1883 2684 1994 2728 inter
2023 2684 2142 2727 clau-

628 2753 716 2789 stra
750 2743 994 2788 Monasterii
1030 2744 1142 2786 viros
1173 2743 1264 2788 illos
1291 2745 1447 2789 multos
1476 2745 1727 2790 mulieribus
1766 2743 2144 2789 indiscriminatim

628 2806 888 2864 permixt083
925 2819 1001 2847 nec
1036 2803 1240 2862 potuisset
1274 2805 1351 2848 hoc
1382 2807 1555 2865 exequi,
1591 2807 1755 2851 ratione
1786 2806 1930 2850 habita
1970 2805 2026 2849 ad
2061 2820 2145 2848 an-

630 2866 815 2926 gustiam
867 2864 1238 2924 quammaximum
1273 2866 1380 2918 ioci,
1417 2867 1634 2925 siquidem
1669 2868 1780 2912 inter
1820 2866 2089 2913 difficutiaees
2125 2882 2148 2908 a

756 2986 820 3045 (1)
854 2986 1007 3030 Summ.
1043 3003 1143 3044 paq.
1180 2988 1255 3040 52,
1292 2988 1350 3031 53
1384 2989 1429 3049 S.
1468 2990 1631 3033 35-37.
