2616 3584
1998 285 2057 329 7⁷

544 353 668 399 titieis
702 354 861 399 iudicio
893 362 992 398 sunt
1014 354 1147 398 evecti
1173 353 1409 412 aliquando
1431 354 1561 397 etiam
1585 354 1739 399 saeculi
1764 354 2060 413 voluptatibus

545 415 819 467 indulserint,
846 416 934 459 imo
966 422 1010 459 et
1040 414 1375 458 adolescentiam
1397 430 1445 458 ae
1463 415 1731 459 iuventutem
1749 416 1790 459 in
1812 415 1923 461 vitiis
1943 426 2057 461 tran-

544 476 733 535 segerint
764 491 879 535 quae
922 483 1065 519 tamen
1111 489 1211 518 vera
1262 491 1311 519 ae
1342 475 1508 519 sincera
1560 476 1826 533 poenitentia
1876 493 2060 536 sequen-

547 537 598 580 tis
631 538 747 581 vitae
781 537 1056 581 deleverunt.
1084 536 1152 579 Ab
1186 535 1398 594 exemplis
1432 536 1678 579 huiusmodi
1714 537 1950 583 referendis
1986 554 2057 583 me

544 597 742 641 abstineo
776 611 875 641 eum
909 603 1059 655 agatur
1090 595 1146 639 de.
1182 612 1225 639 re
1259 605 1361 640 nota
1396 604 1441 639 ut
1474 595 1559 639 diei
1593 596 1698 640 solet
1722 596 1864 655 lippis,
1886 607 1928 642 et
1962 607 2055 643 ton-

548 658 738 702 soribus.
780 659 1009 701 Praeterea
1060 656 1389 708 animadverto,
1441 671 1519 700 nee
1580 671 1733 701 verum
1778 673 1898 709 esse,
1943 659 2061 718 quod

549 727 665 761 tanta
698 717 855 761 fiducia
888 718 1035 761 asserit
1059 716 1357 767 Adversarius,
1385 717 1601 769 videlieet,
1628 717 1744 776 quod
1770 719 1882 762 testis
1899 721 1940 762 X
1963 719 2060 763 eul-

547 794 628 836 pae
650 779 827 822 verterit
847 779 1005 823 Serme
1029 778 1126 829 Dei,
1149 778 1374 821 consilium
1399 778 1455 820 ab
1478 779 1535 822 Ea
1558 786 1803 835 susceptum
1827 779 1883 822 de
1907 780 2061 824 iueun-

548 839 613 883 dis
645 854 746 882 eum
781 847 1020 882 mercatore
1052 839 1292 882 Turonensi
1338 837 1513 896 nuptiis.
1542 838 1681 882 Verba
1716 853 1904 896 namque
1939 856 1961 882 a
1997 848 2060 883 te-

546 908 607 943 ste
641 901 822 957 proiata,
850 907 893 942 et
927 901 982 943 ab
1018 901 1109 958 ipso
1143 899 1406 942 Adversario
1440 899 1607 942 obieeta
1643 899 1812 942 nonnisi
1868 899 2057 960 aliquem

549 961 820 1019 perfectionis
853 960 1067 1003 deiectum
1103 960 1306 1003 videntur
1340 960 1535 1010 innuere,
1564 959 1621 1002 ait
1656 960 1771 1002 euim
1798 959 1912 1004 testis
1943 960 2061 1019 quod

548 1021 705 1063 sactum
738 1021 898 1064 Sei-vae
946 1021 1029 1063 Dei
1077 1020 1216 1063 videri
1263 1028 1407 1078 potest
1461 1018 1573 1064 haud
1609 1020 1734 1078 piene
1769 1021 2056 1078 responde-re:

555 1101 570 1118 α
599 1081 682 1124 atie
716 1081 825 1123 mire
860 1080 1040 1124 subiimi
1074 1081 1151 1124 che
1188 1080 1268 1123 Dio
1301 1095 1435 1124 aveva
1468 1096 1514 1123 su
1550 1078 1595 1122 di
1631 1080 1749 1123 Lei.»
1779 1081 1915 1124 tmmo
1938 1082 1970 1124 si
1994 1081 2062 1125 di-

548 1149 640 1185 ctae
675 1141 792 1184 testis
830 1141 970 1185 verbis
1007 1142 1049 1184 in
1084 1140 1285 1184 omnibus
1317 1140 1538 1190 standum,
1566 1148 1611 1183 et
1645 1155 1727 1183 non
1768 1142 1808 1183 iu
1844 1141 2062 1200 aiiquibus

549 1210 714 1245 tantum
749 1217 863 1260 quae
898 1203 1071 1246 Censori
1107 1210 1252 1245 nostro
1286 1202 1429 1245 [avere
1467 1201 1684 1251 videntur,
1714 1215 1790 1243 nee
1825 1202 1932 1244 uttos
1967 1216 2060 1245 ma-

551 1262 651 1305 ioris
687 1263 960 1319 perfeetionis
993 1262 1188 1306 desectus
1222 1262 1263 1305 in
1299 1261 1425 1306 dietis
1454 1261 1619 1319 nuptiis
1673 1261 1874 1305 ineundis
1908 1261 2065 1321 depre—

552 1322 773 1372 henditur,
802 1323 925 1365 aliter
958 1322 1148 1366 desectus
1180 1322 1266 1366 diei
1291 1331 1432 1380 posset
1454 1322 1631 1367 divinae.
1655 1322 1964 1366 obsecundatio
1987 1336 2065 1365 vo-

555 1384 641 1426 lunz
684 1383 725 1426 ‘i.
767 1384 818 1426 Et
852 1399 897 1425 re
939 1399 1042 1426 sane
1078 1398 1177 1426 vera
1227 1382 1480 1427 immediate
1523 1391 1618 1441 post
1666 1382 1875 1439 producta
1922 1383 2060 1426 verba

554 1443 657 1487 haec
691 1444 771 1487 alia
805 1444 1023 1487 subtexuit
1059 1443 1211 1488 eadem
1247 1445 1362 1487 testis
1394 1445 1451 1487 X.
1486 1464 1500 1481 ι
1536 1443 1807 1488 L’oeeasione
1813 1476 1946 1487 .......
1974 1443 2009 1486 si
2043 1443 2068 1487 ὸ

559 1525 574 1543 ι
601 1504 743 1563 quella
770 1504 840 1548 det
860 1520 937 1546 suo
959 1504 1267 1548 collocamento
1292 1505 1360 1548 nei
1384 1504 1523 1548 secolo
1545 1504 1647 1548 dett'
1664 1505 1730 1548 eta
1752 1504 1797 1548 di
1821 1503 2066 1548 auni'dicis-

557 1586 572 1602 ι
601 1573 727 1617 sette,
757 1580 827 1609 ma
863 1565 904 1607 in
937 1565 1002 1607 οἱὸ
1036 1565 1229 1609 eziandio
1264 1566 1352 1609 Ena
1386 1581 1471 1608 non
1505 1580 1647 1609 venne
1673 1580 1810 1608 mossa
1828 1565 1906 1608 che
1924 1564 1978 1609 da
2006 1580 2063 1607 un

556 1645 571 1663 ι
603 1626 770 1668 motivo
803 1626 1174 1683 soprannaturaie.
1204 1626 1292 1669 Elia
1326 1626 1563 1683 seorgendo
1597 1626 1680 1669 Dio
1715 1625 1783 1668 nei
1817 1625 1911 1668 suoi
1946 1624 2067 1683 geni-

559 1705 574 1724 ·
602 1685 701 1737 tori,
729 1686 922 1730 credette
955 1685 1000 1728 di
1037 1693 1143 1729 tutto
1198 1686 1335 1729 dover
1377 1685 1617 1729 sacrificare
1658 1685 1726 1729 att'
1747 1685 2061 1729 obbedieuza.·

552 1746 666 1801 Quid
700 1746 819 1805 quod
854 1760 908 1788 ex
942 1746 1159 1804 praefatae
1195 1747 1310 1790 testis
1343 1747 1619 1804 depositione
1643 1745 1868 1789 manifesto
1902 1761 2069 1804 coguo-

553 1806 681 1849 scitur
705 1808 784 1849 hoe
810 1806 849 1849 in
875 1807 1046 1863 negotio
1071 1807 1149 1850 Dei
1185 1808 1410 1851 Famuiani
1436 1808 1491 1850 ab
1527 1807 1620 1865 ipso
1644 1808 1737 1850 Deo
1761 1807 2067 1850 manuductum

556 1876 602 1910 ut
637 1868 692 1910 ita
716 1867 857 1910 dicam
895 1866 1037 1919 fuisse,
1065 1875 1193 1926 atque
1216 1868 1328 1911 iiiam
1368 1868 1410 1912 id
1435 1867 1695 1925 praestitisse
1716 1867 1888 1910 nonnisi
1928 1874 1973 1910 ut
2006 1866 2069 1910 di-

552 1927 682 1971 vinae
716 1928 1042 1985 obtemperaret
1076 1928 1346 1985 dispositioni
1382 1929 1441 1972 ita
1474 1929 1591 1972 enim
1628 1928 1743 1971 testis
1768 1928 2064 1986 prosequitur:

562 2010 578 2026 ι
609 1988 826 2047 pari-ebbe
860 2003 1015 2032 ancora
1050 1989 1126 2032 che
1161 1989 1245 2032 Dio
1279 1990 1317 2033 ie
1351 2004 1499 2032 avesse
1522 1990 1626 2032 fatto
1649 1988 1955 2046 speciei-nenti·
1988 2004 2069 2032 eo-

561 2068 578 2088 »
608 2064 782 2092 noscere
831 2049 909 2091 che
952 2049 1036 2092 tale
1069 2066 1139 2092 era
1191 2049 1229 2093 ia
1277 2066 1351 2094 sua
1389 2050 1592 2099 volunta,
1635 2048 1787 2108 poiche
1838 2048 1875 2092 ia
1928 2049 2071 2094 mede-

562 2130 579 2149 ·
606 2109 715 2153 sima
750 2108 807 2153 tin
843 2109 897 2153 da
929 2109 1027 2168 quei
1064 2117 1210 2168 tempo
1242 2110 1659 2155 diedeaeonoseere
1691 2109 1757 2153 cio
1789 2109 1865 2154 che
1899 2110 1971 2167 poi
1996 2126 2069 2153 av-

562 2191 576 2209 ·
609 2186 764 2221 venne,
793 2171 884 2214 eioe
917 2186 940 2213 a
974 2170 1086 2222 dire,
1112 2171 1189 2214 che
1225 2172 1312 2215 Ena
1348 2171 1682 2230 rieupererebbe
1716 2171 1755 2213 ia
1789 2186 1863 2213 sua
1898 2170 2065 2222 liberta,

562 2252 578 2270 ι
603 2246 627 2273 e
659 2231 738 2275 che
780 2232 813 2274 si
855 2232 1197 2275 eonsaererebbe
1251 2250 1274 2276 a
1318 2233 1438 2283 Dio,
1480 2248 1605 2275 coine
1654 2230 1882 2289 perimenti
1941 2231 1980 2273 vi
2037 2231 2070 2274 si

564 2313 580 2331 ι
608 2292 900 2335 consacrebbe
934 2292 962 2334 it
994 2308 1071 2335 suo
1105 2292 1267 2351 tigno..
1296 2295 1444 2353 Neque
1477 2293 1554 2337 hoe
1588 2292 1771 2349 simplici
1803 2291 2072 2336 coniecturae

561 2354 675 2396 testis
708 2361 771 2396 est
803 2352 981 2396 owuino
1016 2352 1356 2405 adeensendum,
1384 2352 1742 2413 ‹piaiidoquidem
1795 2352 1981 2410 idipsum
2015 2367 2070 2395 ex

557 2414 693 2457 relatu
727 2415 870 2456 Testis
907 2417 935 2455 i.
964 2413 1123 2457 Eadem
1158 2416 1292 2458 Serva
1328 2416 1407 2459 Dei
1445 2416 1550 2459 tussa
1584 2414 1710 2458 estin
1736 2429 1812 2457 sua
1845 2413 1899 2456 ad
1934 2412 2071 2457 filium

558 2475 804 2533 epistolam.
827 2476 1057 2532 Postquam
1080 2475 1195 2518 enini
1220 2475 1333 2519 dicta
1367 2477 1484 2519 testis
1518 2475 1731 2519 retulisset
1756 2474 1974 2517 historiam
2011 2473 2071 2516 sa-

558 2536 611 2578 cti
647 2535 772 2578 huius
819 2535 1040 2594 quomodo
1091 2551 1249 2594 nempe
1299 2537 1518 2595 negotium
1554 2538 1733 2580 Servum
1769 2534 1850 2578 Dei
1885 2534 1998 2577 iuter
2030 2542 2074 2578 et

560 2606 759 2654 parentes
807 2596 905 2641 Eius
938 2605 1103 2654 gestum
1138 2605 1264 2648 esset,
1294 2597 1395 2641 haee
1430 2596 1610 2640 subdit:
1642 2617 1657 2634 α
1683 2596 1741 2638 La
1776 2595 2069 2639 Provvidenza

566 2677 581 2696 ι
611 2673 744 2705 aveva
780 2665 888 2701 tutto
922 2657 1136 2708 ordinato,
1162 2673 1284 2701 come
1338 2658 1372 2701 si
1423 2673 1569 2716 seorge
1619 2656 1735 2701 datie
1771 2655 1917 2714 parole
1958 2654 2073 2699 delia

565 2738 581 2756 ι
610 2718 756 2763 Madre
790 2719 1199 2763 deii'incarmizione
1234 2719 1271 2762 ia
1306 2720 1433 2778 quale
1455 2734 1504 2762 su
1531 2719 1616 2762 tale
1651 2725 1904 2776 argomento
1938 2716 2074 2760 scrive

566 2799 582 2817 ι
611 2780 650 2822 ai
684 2797 759 2823 suo
795 2780 926 2838 tigtio;
957 2779 1034 2821 Voi
1070 2788 1227 2823 sai-este
1262 2795 1385 2838 preso
1419 2780 1474 2823 da
1509 2778 1775 2836 maruvigiia,
1803 2794 1847 2821 se
1879 2792 2076 2821 conosce-

570 2859 585 2878 ι
614 2849 676 2883 ste
713 2848 823 2884 tutte
856 2847 1005 2898 queste
1042 2841 1329 2897 partimini-ita
1362 2841 1475 2885 detta
1509 2839 1805 2884 Provvidenza
1828 2837 1874 2881 (ii
1908 2840 1989 2882 Dio
2022 2853 2074 2882 su

571 2920 587 2939 ι
617 2900 659 2944 di
696 2916 780 2950 me.
812 2904 878 2945 voi
915 2901 952 2943 io
986 2911 1153 2958 sapi-ete
1178 2902 1511 2945 ιιοΙΙίεῑι-νιιίιὲ.»
1541 2901 1714 2945 Deinde
1738 2900 1843 2944 haec
1866 2899 1949 2943 alia
1982 2914 2086 2958 pro-
