2624 3568
1973 259 2031 303 8³

520 347 573 378 eo
605 331 649 376 in
682 347 782 377 casu
815 348 859 377 se
886 331 1117 380 inebriant.
1144 340 1186 375 et
1220 330 1330 375 ludis
1365 339 1531 384 vat-..ant
1567 347 1619 376 ex
1657 331 1820 391 quibus
1852 331 2040 375 scurrili-

522 400 602 444 tas,
639 402 680 437 et
715 394 770 437 im
808 392 985 439 udicitia
1018 392 1157 436 solent
1190 390 1404 436 derivate
1442 393 1533 436 lmo
1567 399 1609 436 et
1642 393 1758 437 hisce
1793 392 1834 435 in
1887 392 2039 436 adiun-

520 454 597 498 ctis
631 453 663 497 si
687 455 760 514 qui
818 460 1070 513 perpetrant
1095 452 1368 496 inhonestum
1385 452 1462 496 hoc
1485 468 1583 496 cum
1603 453 1801 497 foeminis
1817 468 1922 496 suae
1939 468 2039 497 σου--

522 513 700 559 ditionis
733 514 1027 558 committunt.
1063 513 1190 569 Quod
1229 520 1344 556 certe
1391 512 1445 556 de
1489 516 1621 559 Serva
1656 515 1737 557 Dei
1771 513 1853 558 dici
1891 514 2039 573 nequit

521 590 634 634 quae
688 574 880 634 profecto
902 574 1013 617 inter
1045 589 1116 618 eos
1153 574 1405 618 versabatur
1426 589 1526 617 cum
1563 573 1691 618 iidem
1716 573 1851 618 labori
1885 583 1928 617 et
1965 590 2040 618 ne-

526 636 653 694 gotiis
686 643 807 680 erant
842 634 1002 679 addicti
1036 649 1232 694 quaeque
1265 634 1461 679 diversae
1484 650 1655 693 prmus
1678 633 1936 680 conditionis
1960 635 2045 679 exi-

523 697 679 747 stebat,
700 705 742 740 et
774 695 913 755 quod
927 695 1061 753 pluris
1093 704 1155 740 est
1192 696 1293 754 ipsis
1326 695 1615 754 praesidebat,
1656 696 1771 740 unde
1806 711 1883 739 nec
1910 697 2040 754 pessi-

526 772 623 800 mus
658 757 766 801 inter
799 756 1040 801 nebulones
1061 755 1297 815 quidquam
1336 756 1475 800 miuus
1503 764 1684 809 rectum,
1736 764 1777 801 et
1812 756 2038 801 honestum

525 817 717 876 proferre
750 818 933 861 verbum
971 818 1027 861 Ea
1063 826 1286 875 praesente
1319 833 1444 861 ausus
1478 816 1640 861 suisset.
1666 817 1794 873 Quod
1827 817 1858 859 si
1901 817 2039 861 adhuc

525 878 618 925 viro
652 879 821 937 alligata
855 880 986 923 Serva
1022 878 1100 922 Dei
1148 880 1253 937 Erga
1288 878 1546 923 domesticos
1579 887 1621 922 et
1643 878 1839 922 subditos
1863 878 2041 922 sollicita

524 954 698 998 semper
733 939 810 983 suit
842 955 913 982 eos
947 939 1000 982 ad
1029 939 1231 996 pietatem
1267 940 1516 990 adhortans,
1554 948 1596 982 et
1630 940 1685 984 ad
1720 940 1856 983 bonos
1900 954 2040 982 mores

526 999 775 1049 informans,
815 1009 857 1043 et
891 1000 969 1043 huc
1001 999 1056 1042 de
1089 1016 1213 1043 causa
1250 1001 1421 1044 illorum
1457 1015 1650 1044 mensam
1698 1000 1781 1058 piis
1819 999 2043 1058 colloquiis

525 1059 771 1108 condiebat.
810 1075 896 1103 non
929 1068 993 1103 est
1028 1075 1202 1117 prorsus
1249 1060 1545 1105 dubitandum
1596 1061 1700 1119 quin
1749 1061 1829 1105 boc
1870 1075 2043 1119 quoque

527 1120 789 1179 praestiterit
823 1136 921 1179 erga
957 1120 1091 1164 dictos
1126 1120 1364 1173 rhedarios,
1386 1131 1424 1165 et
1450 1121 1662 1165 muliones
1687 1137 1764 1180 por
1787 1121 1856 1165 illa
1893 1121 2044 1165 brevia

527 1182 731 1239 temporis
766 1182 990 1226 intervalla
1026 1182 1290 1226 necessariae
1324 1182 1458 1242 quieti
1493 1182 1549 1226 ab
1584 1181 1664 1225 illis
1698 1181 1816 1225 data.

649 1241 752 1286 106.
772 1244 855 1286 Nec
881 1242 1091 1286 ullimodc
1114 1250 1229 1286 aetas
1252 1246 1330 1289 Sei
1334 1258 1411 1287 vae
1432 1244 1511 1287 Dei
1536 1242 1752 1302 quiquid'
1744 1242 2046 1301 impedimenti

527 1302 592 1346 vel
627 1318 751 1347 sexus
795 1304 950 1347 afferre
999 1311 1124 1361 poter
1126 1313 1196 1346 ant
1250 1303 1480 1363 quominus
1556 1304 1801 1348 huiusmodi
1864 1303 2045 1361 negotiis

526 1363 710 1422 ipsamet
741 1378 894 1408 vtalcu‘e
913 1372 1054 1423 posset
1091 1365 1256 1423 absque
1293 1365 1481 1423 periculo
1506 1380 1608 1409 suae
1642 1364 1891 1409 honestatis.
1922 1365 2040 1408 Licet

527 1424 643 1467 enim
680 1425 749 1468 vix
783 1433 985 1484 quartum
1021 1425 1171 1468 aetatis
1202 1440 1305 1470 suae
1338 1426 1550 1484 explesset
1595 1426 1797 1477 lustrum,
1853 1434 2044 1469 attamen

524 1486 951 1555 praeterquamquod
989 1485 1128 1529 virum
1165 1486 1247 1530 iam
1284 1487 1509 1532 babuerat.
1538 1494 1581 1531 et
1613 1502 1710 1531 cum
1737 1486 1893 1531 eodem
1921 1487 2044 1530 bien-

526 1545 597 1589 nio
621 1547 871 1591 convixerat
908 1546 995 1590 filio
1029 1562 1206 1605 quoque
1239 1547 1294 1591 ab
1331 1547 1404 1592 illo
1436 1556 1647 1607 suscepto,
1690 1547 1931 1592 notandum
1982 1556 2045 1591 est

529 1606 646 1664 quod
679 1608 842 1651 consilii
878 1608 1128 1652 maturitate
1164 1608 1361 1666 polleret.
1398 1618 1529 1668 atque
1564 1609 1620 1652 ita
1656 1618 1700 1652 ut
1733 1609 1918 1678 simplex
1954 1608 2048 1651 eius

524 1668 767 1725 praesentia
803 1668 965 1712 nedum
999 1668 1387 1718 existimationem,
1425 1670 1499 1713 sed
1536 1677 1577 1712 et
1611 1669 1936 1712 vemt-ationem
1972 1683 2044 1712 ex-

527 1728 708 1786 piraret.
735 1729 804 1774 Sic
826 1730 963 1773 Testis
987 1729 1040 1771 ΙΙ.
1063 1729 1166 1772 haec
1188 1729 1241 1772 ad
1268 1744 1357 1773 rem
1382 1731 1542 1788 profert
1564 1747 1573 1773 :
1604 1749 1619 1768 ι
1646 1731 1726 1772 Era
1753 1730 1788 1773 la
1812 1729 2051 1774 med‹·sima

532 1808 548 1827 ¹·
579 1790 727 1849 (Serva
751 1789 796 1832 di
820 1790 922 1849 Dio)
948 1790 992 1833 di
1030 1805 1083 1832 un
1106 1790 1249 1833 indole
1284 1792 1505 1847 piacevole
1529 1807 1552 1833 e
1576 1798 1859 1850 quantunque
1885 1792 1912 1834 il
1954 1806 2049 1833 sen-

534 1870 549 1888 »
580 1851 759 1894 cimento
783 1851 975 1895 abituale
997 1850 1111 1893 della
1150 1866 1350 1908 pri-,senza
1386 1851 1428 1895 di
1463 1853 1546 1895 Dio
1579 1852 1873 1895 comunicasse
1908 1851 2048 1895 all’in—

533 1930 549 1949 ι
579 1919 669 1955 tera
691 1928 763 1955 sua
801 1927 982 1970 persona
1016 1911 1196 1970 qualche
1228 1927 1326 1955 cosa
1348 1911 1391 1956 di
1415 1913 1586 1962 celeste,
1609 1928 1691 1956 non
1729 1912 1832 1970 pero
1865 1928 1938 1955 era
1959 1927 2048 1955 me-

533 1990 550 2011 »
579 1988 634 2015 no
668 1973 854 2016 amabile
888 1973 954 2016 nel
988 1988 1066 2016 suo
1099 1980 1245 2024 tratto,
1281 1981 1447 2017 cortese
1478 1989 1502 2017 e
1545 1973 1790 2017 disinvolta.
1841 1973 2050 2017 L'unione

533 2053 548 2071 ι
578 2033 778 2077 (ιοιιιίιιιιιι
800 2034 878 2077 elie
902 2034 990 2078 Ella
1014 2047 1090 2077 ave
1108 2048 1148 2076 ,a
1171 2049 1249 2076 con
1274 2034 1357 2076 Dio
1381 2034 1557 2078 destava
1577 2034 1903 2085 animirazionc,
1925 2034 1959 2078 si
1981 2049 2052 2078 ve.-

534 2111 551 2132 »
580 2094 691 2138 deva
726 2095 930 2139 rissettere
965 2094 1077 2139 nella
1101 2109 1176 2137 sua
1201 2093 1423 2143 lisonomia
1449 2110 1505 2139 un
1530 2111 1614 2139 nou
1647 2111 1694 2139 so
1720 2096 1799 2139 che
1830 2096 1873 2139 di
1903 2094 2051 2139 divino

533 2176 548 2193 n
577 2156 654 2198 elie
688 2156 874 2200 eccitava
900 2155 1096 2214 rispettO,
1117 2171 1141 2198 ιι
1167 2156 1447 2201 venei-azione
1471 2157 1586 2216 (l).»
1615 2156 1733 2212 Quid
1754 2156 1883 2215 igitur
1907 2172 1959 2199 ex
1984 2156 2050 2201 liis

529 2216 734 2261 omnihus
768 2216 1072 2260 inserendum?
1094 2217 1186 2259 Non
1209 2225 1323 2260 certe
1348 2217 1452 2263 illud
1471 2218 1591 2277 quod
1627 2218 1845 2261 immerito
1880 2233 2051 2276 prorsus

528 2277 748 2321 contendit
779 2280 941 2322 Censor
963 2285 1108 2321 noste·
1140 2277 1217 2335 qui
1254 2278 1407 2336 culpae
1441 2279 1569 2322 vertit
1600 2279 1761 2324 Sorvae
1810 2280 1890 2322 Dei
1934 2278 2049 2337 quod

530 2338 586 2382 ita
621 2339 835 2383 censuerit
869 2338 1109 2383 oblivioni«
1132 2338 1350 2391 ῑιΜιιιΙθιο,
1339 2356 1351 2383 ι
1377 2340 1540 2398 propiii
1567 2340 1759 2384 iuteressi
1783 2355 1806 2383 e
1830 2339 1963 2398 quelli
1994 2340 2052 2383 ιιΙ-

532 2400 629 2443 tresi
654 2400 724 2444 del
747 2400 861 2459 liglio
895 2417 970 2444 suo
995 2422 1033 2451 ι,
1062 2408 1105 2444 ut
1141 2400 1316 2444 interim
1354 2401 1487 2445 soceri
1521 2402 1584 2446 sui
1620 2401 1790 2461 negotia
1825 2410 1986 2460 agn-,et
2012 2410 2054 2445 et

537 2460 716 2519 quidem
763 2461 933 2522 negotia
984 2478 1085 2506 suae
1135 2462 1264 2504 aetati
1306 2478 1354 2506 ac
1393 2463 1514 2509 sexui
1550 2463 1693 2507 minus
1742 2471 2048 2506 consentanea.

530 2523 644 2565 Vera
680 2537 868 2582 namque
902 2523 1092 2583 legitima
1141 2538 1189 2564 ac
1222 2523 1492 2567 rationabilis
1528 2524 1659 2567 illatio
1704 2540 1757 2567 ex
1806 2523 2052 2581 praemissis

530 2583 573 2626 ni
608 2582 731 2627 fallor
753 2584 857 2628 haec
891 2593 969 2636 est,
1007 2583 1126 2645 quod
1160 2583 1356 2628 Charitas
1389 2585 1507 2629 Serv
1501 2601 1549 2629 ie
1584 2585 1665 2628 Dei
1700 2585 1743 2627 in
1780 2584 1858 2627 hac
1890 2584 2050 2642 amendi

530 2645 696 2688 ratione
731 2661 806 2689 5υιι
840 2645 919 2689 suit
952 2646 1091 2690 dubio
1127 2643 1274 2702 procul
1317 2646 1503 2697 heroica,
1530 2662 1580 2691 ac
1626 2646 1755 2705 plane
1797 2645 2047 2703 singularis,

531 2705 749 2765 siquidem
769 2707 836 2750 sui
857 2706 1089 2751 utilitatem
1109 2714 1149 2748 (ιι
1171 2707 1397 2764 proprium
1416 2706 1696 2751 commodum
1717 2706 1958 2765 postposuit
1978 2707 2054 2750 bo-

532 2781 606 2818 no,
645 2775 775 2827 atque
803 2768 979 2811 autimi
1004 2768 1069 2812 sui
1097 2766 1297 2826 proximi,
1326 2768 1445 2828 quod
1472 2768 1665 2827 profecto
1684 2769 1816 2812 etiam
1833 2767 2051 2812 Aeternae

662 2889 728 2949 (Ι)
762 2890 916 2933 Summ.
951 2906 1053 2948 pay.
1091 2892 1168 2945 70,
1206 2890 1252 2951 S.
1290 2891 1363 2935 43.
