2648 3616
2072 273 2131 318 25

634 347 766 393 lentia
806 348 921 392 Deus
954 354 1043 391 tum
1082 354 1262 405 propter
1298 361 1345 390 se
1383 359 1483 390 cum
1526 344 1580 389 sit
1617 344 1702 390 Ens
1735 342 2095 404 perfectissimum
2117 381 2126 397 ,

638 418 728 453 tum
763 409 897 453 relate
930 407 985 452 ad
1017 408 1246 452 Creaturas
1279 405 1321 450 in
1354 421 1461 465 quas
1493 404 1811 451 Misericordiae
1832 419 1937 449 suae
1973 404 2130 450 indefi-

639 469 800 513 cientes
851 468 1025 513 divitias
1069 465 1162 511 sine
1199 465 1517 511 intermissione
1553 465 1767 517 effundit,
1804 472 1934 525 atque
1970 463 2131 510 idcirco

640 528 808 573 nonnisi
840 528 989 573 odium
1033 535 1075 571 et
1112 526 1334 570 horrorem
1378 527 1752 585 quammaximum
1787 525 2016 583 concipere
2054 526 2134 569 Ea·

638 588 736 633 dem
772 588 816 632 in
848 604 924 632 suo
956 587 1084 632 corde
1119 593 1288 645 poterat
1319 601 1420 644 erga
1452 596 1626 645 peccata
1648 621 1659 639 ‚
1696 595 1738 631 et
1770 587 1918 645 culpas
1951 584 2027 629 etsi
2074 585 2132 629 le-

639 649 833 693 vissimas
865 646 1221 707 quandoquidem
1261 646 1303 689 in
1339 645 1441 705 ipsis
1473 646 1679 691 offensam
1715 655 1757 691 et
1781 645 1982 690 iniuriam
2014 645 2135 689 vidc-

637 709 712 753 bat
744 708 957 754 Creatoris
991 722 1136 751 amore
1168 714 1213 750 et
1242 706 1454 765 obsequio
1491 706 1748 765 dignissimi.
1772 707 1843 750 nis
1876 705 2127 750 addendum

637 768 752 828 quod
786 769 943 813 Servae
980 767 1056 811 Dei
1081 775 1126 810 ut
1147 782 1192 811 se
1224 782 1248 811 a
1282 766 1436 825 quovis
1467 766 1635 811 defectu
1660 767 1790 810 etiam
1815 766 2029 810 levissimo
2054 766 2130 809 ab·

637 829 847 879 stineret,
893 827 1095 886 improbo
1144 842 1251 885 opus
1299 826 1379 870 l‘uit
1412 826 1583 878 labore,
1620 826 1765 870 solerti
1814 826 2053 878 industria,
2093 834 2136 870 et-

640 887 910 931 solicitudine
954 886 1176 946 singulari.
1229 886 1396 931 Etenim
1448 886 1870 946 praeterquamquod
1917 886 2010 944 lpsa
2045 901 2131 929 non

635 962 712 1005 per
744 962 879 991 unum
913 956 1076 991 tantum
1110 947 1177 991 vel
1212 946 1397 991 alterum
1438 947 1511 990 sed
1536 963 1613 1006 per
1649 945 1976 1006 quadruplicem
2016 946 2132 989 vitae

636 1014 794 1051 statum
829 1007 1089 1066 pertransiit,
1124 1006 1562 1052 animadvertendum
1597 1015 1659 1051 est
1694 1007 1737 1050 in
1770 1007 1920 1049 multis
1961 1014 2004 1049 et
2037 1020 2137 1064 gra-

635 1067 817 1111 vissimis
850 1082 996 1112 rerum
1042 1075 1084 1111 ct
1117 1067 1454 1112 vicissitudinum
1490 1066 1700 1111 adiunctis
1743 1081 1864 1110 suam
1900 1066 2031 1110 vitam
2057 1074 2138 1109 tra·

634 1126 837 1179 duxisse,
889 1127 931 1171 in
964 1127 1122 1186 quibus
1168 1136 1329 1187 quanta
1376 1136 1419 1172 et
1464 1143 1596 1186 quam
1630 1127 1810 1172 molesta
1857 1127 2009 1171 Eidem
2050 1125 2138 1169 fue-

637 1187 721 1231 rint.
755 1188 1009 1246 perl'erenda
1043 1188 1113 1231 uni
1148 1189 1241 1231 Deo
1276 1196 1426 1232 notum
1460 1188 1618 1247 estqui
1641 1189 1773 1232 etiam
1808 1187 2011 1231 invictam
2036 1187 2135 1229 Eius

636 1248 886 1306 patientiam
923 1248 1055 1299 novit,
1092 1249 1256 1307 quique
1291 1256 1450 1291 tantam
1484 1249 1643 1293 servae
1676 1263 1779 1293 suae
1804 1247 2060 1292 fidelitatem
2089 1247 2133 1289 in

636 1308 775 1351 coetis
793 1307 957 1352 iamdiu
978 1317 1274 1352 remunerat-us
1298 1316 1426 1361 est‚et
1452 1307 1495 1351 in
1523 1309 1644 1352 terris
1665 1324 1839 1368 quoque
1862 1307 2136 1350 manifest-are

635 1383 717 1410 non
751 1376 885 1412 cessat
919 1377 980 1412 tot
1014 1368 1230 1412 miraculis
1274 1369 1391 1413 lllius
1434 1368 1754 1413 interventione
1793 1367 1952 1427 passim
1989 1374 2136 1426 patra-

637 1426 704 1471 tis.
738 1429 861 1483 Quae
891 1428 1038 1471 omnia
1071 1444 1157 1473 non
1199 1429 1477 1487 praestitisset.
1523 1439 1641 1473 certe
1674 1431 1805 1475 Serva
1840 1429 1922 1472 Dei
1955 1428 2033 1471 uisi
2074 1427 2136 1470 in-

635 1486 737 1531 time
771 1502 893 1531 mens
925 1487 1026 1531 Eius
1058 1488 1267 1532 illustrata
1311 1488 1457 1532 fuisset
1492 1489 1654 1533 lumine
1698 1489 1819 1533 Fidei
1854 1503 1966 1547 quae
2006 1487 2135 1531 docet

635 1563 732 1591 cum
767 1548 971 1591 Gentium
1008 1549 1228 1606 Apostolo.
1256 1569 1272 1586 ι
1313 1547 1603 1592 Accedentem
1649 1549 1704 1592 ad
1756 1550 1896 1591 Deum
1930 1555 2135 1606 oportere

633 1607 809 1651 credere
831 1607 930 1667 quia
962 1616 1042 1659 est,
1069 1617 1108 1652 ct
1135 1608 1236 1669 quia
1272 1608 1589 1667 inquirentibus
1621 1624 1666 1652 se
1704 1616 1999 1652 remunerator
2032 1607 2101 1650 sit.

510 1667 586 1712 44.
625 1668 823 1727 Denique
857 1677 903 1712 ut
937 1667 1018 1712 alia
1052 1668 1247 1712 omittam
1295 1684 1408 1727 quac
1441 1669 1581 1724 afferri
1616 1676 1788 1727 possent
1828 1668 1882 1712 ad
1918 1668 2131 1711 heroicam

632 1728 791 1773 Servae
825 1728 905 1772 Dei
938 1727 1088 1773 Fidem
1111 1728 1470 1780 confirmandam,
1491 1730 1579 1773 duo
1603 1738 1768 1773 tantum
1792 1729 1951 1773 addam
1978 1743 2130 1778 unum,

632 1789 749 1847 quod
784 1789 954 1847 respicit
987 1804 1134 1833 curam
1168 1805 1298 1848 quam
1333 1792 1427 1849 lpsa
1459 1790 1612 1834 habuit
1653 1804 1962 1849 usquequaque
2001 1788 2134 1832 relate

635 1849 690 1893 ad
723 1849 923 1894 decorem
960 1849 1115 1894 domus
1150 1849 1230 1894 Dei
1265 1851 1321 1894 ita
1357 1859 1401 1893 ut
1435 1866 1540 1908 prae
1571 1851 1775 1902 caeteris,
1812 1859 1854 1894 ct
1886 1864 1985 1893 cum
2020 1849 2133 1892 veri-

636 1917 722 1953 tate
753 1925 942 1954 asserere
977 1910 1129 1954 eadem
1165 1911 1387 1969 potuisset.
1408 1931 1424 1948 ι
1445 1911 1632 1955 Domine
1664 1911 1795 1956 dilexi
1819 1910 2022 1955 decorem
2058 1909 2136 1953 do-

633 1986 727 2014 mus
749 1973 884 2015 Tuae.
902 1992 916 2010 ·
942 1971 994 2015 Et
1013 1986 1113 2016 sane
1137 1979 1283 2030 utpote
1307 1972 1347 2016 in
1372 1971 1535 2015 artibus
1565 1972 1819 2017 liberalibus
1842 1971 2025 2021 exculta,
2047 1986 2134 2013 non

632 2031 764 2075 modo
799 2032 940 2089 plures
973 2032 1163 2088 Qucbeci
1201 2032 1426 2083 Ecclesias‚
1463 2032 1638 2090 picturis
1669 2032 1812 2082 sacris,
1840 2031 2004 2075 albario
2027 2045 2134 2088 ope-

634 2107 695 2143 re,
733 2101 862 2151 atque
891 2108 998 2137 auro
1031 2092 1218 2137 obducto
1251 2092 1502 2142 decoravit,
1540 2092 1613 2136 scd
1645 2101 1689 2136 et
1722 2092 1804 2137 alia
1836 2092 2036 2152 quamvis
2070 2090 2137 2133 vi-

635 2152 688 2196 lia
722 2152 870 2196 munia
903 2153 1091 2196 exercuit
1126 2169 1240 2212 quae
1270 2153 1326 2196 ad
1361 2168 1510 2196 earum
1544 2153 1725 2197 nitorem
1754 2160 1948 2210 spectare
1982 2151 2135 2194 viden-

634 2221 731 2264 tur,
770 2212 815 2256 id
851 2210 952 2256 vero
984 2212 1121 2271 (quod
1156 2213 1319 2257 eunctis
1350 2213 1625 2256 admirationi
1659 2212 1816 2271 extitit)
1853 2212 1949 2255 licet
1975 2211 2135 2270 gravis·-

633 2273 748 2315 simis
781 2274 909 2322 curis,
936 2281 979 2316 et
1014 2273 1232 2317 laboribus
1259 2273 1351 2315 sine
1383 2273 1697 2317 intermissione
1730 2288 1888 2331 pressa.
1915 2273 2036 2328 Quae
2070 2272 2132 2314 uti

632 2333 872 2376 executioni
906 2334 1070 2390 absque
1102 2349 1274 2376 suarum
1310 2331 1622 2390 obligationum
1650 2334 1913 2377 detrimento
1949 2331 2125 2375 manda-

631 2401 711 2443 ret,
733 2394 886 2451 quovis
919 2392 1052 2445 licitu,
1080 2393 1169 2437 imo
1205 2394 1442 2437 necessario
1474 2394 1628 2437 solatio
1661 2410 1753 2437 sese
1786 2394 1971 2437 librnter
2004 2393 2133 2436 absti-

636 2452 741 2497 nuit.

510 2514 582 2556 45,
623 2513 819 2557 Alterum
853 2514 1031 2558 caeteris
1054 2514 1262 2558 invictum
1296 2513 1433 2572 magis
1466 2521 1509 2558 et.
1532 2515 1790 2559 concludens
1823 2522 2130 2572 argumentum

632 2574 685 2618 ad
702 2573 1044 2619 confirmandam
1078 2575 1292 2619 heroicam
1316 2576 1475 2620 Servae
1499 2575 1581 2619 Dei
1603 2576 1755 2620 Fidem
1790 2576 1831 2619 in
1854 2591 1906 2619 eo
1929 2583 1991 2619 cst
2013 2574 2132 2633 quod

632 2635 749 2679 Deus
775 2642 819 2679 et
850 2642 1105 2687 constanter,
1143 2644 1185 2679 et
1217 2635 1307 2679 sine
1343 2635 1428 2679 ulla
1460 2636 1744 2695 annbiguitate
1777 2636 1992 2681 heroicam
2030 2637 2126 2681 Ser·

632 2711 710 2739 vac
741 2697 856 2740 Suae
888 2697 1039 2740 Fidem
1074 2696 1307 2740 declaravit
1341 2696 1577 2740 innumeris
1620 2698 1939 2756 propemodum
1974 2696 2132 2740 charis-

634 2757 849 2807 matibus,
886 2766 927 2801 et
961 2757 1084 2801 donis
1116 2757 1538 2816 supernaturalibus,
1578 2759 1697 2801 miris
1737 2758 1971 2816 praecipue
2003 2757 2132 2800 visiu-

633 2817 758 2860 nibus
791 2818 949 2876 quibus
986 2827 1115 2862 totam
1153 2819 1274 2861 vitae·
1300 2818 1415 2861 tttius
1444 2819 1599 2862 scriem
1633 2818 1959 2877 quodammodo
1984 2826 2132 2861 conte-

632 2878 743 2922 xuit.
771 2879 833 2921 Ex
854 2879 1087 2923 Summarii
1123 2894 1309 2938 namque
1331 2878 1510 2922 lectione.
1544 2888 1662 2938 patet
1692 2879 1917 2923 manileste
1946 2879 2130 2922 Servam

1854 2955 1899 2997 4.
