2680 3600
627 373 847 429 figeretur.
889 374 1028 416 Probe
1052 380 1197 414 autem
1221 386 1398 414 noscens
1419 405 1428 421 ,
1468 370 1599 429 idque
1633 369 1896 428 experientia
1921 386 1997 414 sua
2020 388 2118 430 pro-

627 434 749 491 pria,
786 433 904 492 quod
949 433 1001 476 ad
1049 446 1242 474 amorem
1276 431 1519 475 huiusmodi
1566 431 1803 474 fovendum
1846 438 1888 473 et
1938 431 2123 476 dilatan-

625 495 731 537 dum
767 495 832 537 vei
859 493 1045 536 maxime
1067 492 1261 535 conducit
1285 492 1540 536 omnimoda
1564 492 1891 549 cogitationum,
1919 507 2119 550 operum,

625 564 664 597 et
703 556 937 599 verborum
972 553 1028 596 ad
1067 552 1144 595 Dei
1193 552 1370 609 gloriam
1405 553 1554 596 relatio
1577 587 1587 604 ,
1628 552 1784 596 idcirco
1827 566 1977 595 omnes
2019 569 2127 613 quos

628 626 793 673 poterat
827 614 882 657 ad
903 615 979 657 hoc
999 613 1136 671 ipsum
1172 612 1478 670 praestandum
1513 613 1604 655 sine
1641 613 1957 657 intermissione
1980 614 2123 657 horta-

627 677 767 720 batur.
805 674 915 719 Satis
947 682 1009 716 est
1044 673 1224 715 suminis
1257 681 1297 715 ut
1332 672 1418 715 dici
1452 673 1557 715 solet
1592 674 1715 716 labiis
1747 674 1942 717 delibare
1965 676 2121 734 scripta

625 739 784 780 Sei-vae
818 736 926 785 Dei,
966 750 1113 791 preces
1159 734 1215 776 ab
1249 733 1408 776 Eadem
1457 732 1671 790 digestas,
1709 735 2029 786 catechismum,
2067 736 2123 779 ab

627 799 719 853 ipsa
753 804 993 843 exoratum,
1022 794 1192 852 aliaque
1227 793 1349 836 huius
1384 794 1554 849 generis
1588 794 1795 851 opuscula
1830 795 1883 838 ad
1919 795 1997 838 boc
2034 796 2125 853 pie-

628 858 800 900 nissime
835 854 1194 913 dignoscendum.

504 918 579 960 94.
615 918 702 960 lam
745 933 845 960 vero
881 916 1034 959 isthaec
1069 915 1236 958 assidua
1270 915 1325 958 de
1358 914 1508 958 divina
1542 914 1789 972 praesentia
1822 915 2028 973 cogitatio
2063 917 2127 959 in-

629 978 730 1020 tima
766 978 871 1020 haec
905 976 1059 1019 mentis
1107 985 1148 1018 et
1182 975 1320 1018 cordis
1369 978 1525 1020 Sci-vac
1560 976 1642 1019 Dei
1676 974 1841 1019 Sororis
1878 977 2038 1020 Mariae
2070 977 2127 1020 ab

627 1037 927 1081 incarnatione
960 1051 1059 1079 cum
1086 1038 1176 1079 Deo
1200 1036 1442 1079 coniunctio
1477 1037 1517 1079 in
1549 1045 1717 1079 tantum
1744 1036 2006 1079 adscribitur
2031 1053 2125 1095 pcr-

627 1100 791 1147 fcctac‚
832 1105 874 1141 ct
927 1098 1123 1140 heroicae
1156 1097 1360 1141 Charitati
1411 1098 1450 1139 in
1484 1106 1698 1156 quantum
1746 1097 1828 1154 lpsi
1877 1098 2125 1142 Coclituum

627 1160 771 1203 unioni
807 1173 908 1201 cum
946 1160 1035 1200 Deo
1072 1167 1209 1215 potest
1246 1158 1399 1201 merito
1423 1158 1665 1201 assimilari.
1704 1157 1826 1200 Unde
1860 1159 1963 1202 scite
1986 1175 2033 1202 ac
2056 1159 2127 1217 pie

626 1224 669 1265 S.
712 1222 1013 1263 Bonaventura
1050 1218 1106 1261 ita
1140 1218 1448 1261 animadvertit
1480 1219 1605 1262 Proc.
1645 1219 1700 1261 ’17
1726 1218 1861 1275 netig.
1886 1219 2042 1262 -haec
2064 1228 2128 1263 est

625 1280 810 1324 heminis
845 1280 886 1321 in
921 1279 998 1322 hac
1033 1280 1119 1321 vita
1153 1280 1376 1323 subtimior
1427 1279 1637 1323 Pei-sectio
1673 1280 1728 1322 ita
1767 1280 1876 1322 uniri
1921 1281 2045 1331 Deo,
2084 1288 2131 1323 ut

628 1350 714 1384 tota
750 1341 893 1383 anima
928 1354 1025 1383 cum
1051 1339 1256 1382 omnibus
1280 1340 1478 1397 potentiis
1510 1340 1611 1390 suis,
1651 1350 1688 1383 et
1729 1339 1894 1383 viribus
1920 1342 1962 1383 in
1988 1343 2129 1385 Deum

626 1402 826 1451 collecta,
868 1415 977 1442 unus
1020 1400 1203 1457 Spiritus
1238 1400 1306 1443 {iat
1350 1417 1449 1445 eum
1484 1402 1608 1452 Deo,
1649 1410 1693 1444 ut
1728 1400 1831 1443 nihii
1877 1401 2130 1446 meminerit

629 1461 707 1505 nisi
745 1462 920 1510 Deum,
957 1469 998 1502 et
1032 1475 1181 1502 omncs
1216 1460 1390 1504 ass'ectus
1432 1461 1571 1504 cordis
1604 1461 1669 1504 sui
1703 1463 1744 1505 in
1781 1463 1936 1505 amoris
1972 1463 2130 1520 gaudio

629 1522 768 1570 uniti,
816 1522 858 1564 in
902 1520 989 1563 sola
1032 1520 1276 1564 Conditoris
1319 1521 1524 1565 fruitione
1568 1522 1756 1565 suaviter
1803 1523 2040 1579 quiescant.
2078 1525 2130 1567 Et

625 1586 681 1628 de
714 1584 872 1626 Sancto
914 1581 1139 1624 Francisco
1186 1581 1397 1626 Asisinate
1446 1582 1550 1625 haec
1597 1581 1744 1625 scribit
1780 1582 1898 1625 idem
1948 1584 1993 1626 S.
2030 1586 2127 1627 Do—

625 1652 717 1687 ctor
750 1643 791 1685 in
825 1641 926 1686 Eius
961 1641 1044 1685 vita
1079 1658 1172 1699 cap.
1213 1643 1287 1685 40.
1323 1670 1349 1676 -
1386 1644 1449 1686 Ne
1481 1642 1589 1686 soret
1633 1643 1801 1702 absque
1838 1643 2131 1688 consolatione

627 1703 782 1748 Dilecti
804 1737 813 1753 ‚
852 1702 945 1746 sine
980 1703 1293 1747 intermissione
1334 1718 1462 1746 orans
1484 1738 1493 1754 ‚
1529 1703 1731 1762 spiritum
1766 1705 1861 1747 Deo
1894 1706 2131 1750 contende-

624 1766 700 1809 bat
737 1764 943 1808 cxhibere
982 1772 1272 1821 praesentem.
1306 1788 1334 1796 —
1365 1764 1474 1807 Hinc
1511 1765 1570 1808 nit
1607 1765 1767 1809 mirum
1807 1765 1923 1824 quod
1959 1765 2005 1810 S.
2044 1768 2129 1811 Ro-

625 1835 692 1870 tae
728 1828 947 1869 Romanae
979 1824 1213 1869 Auditores
1245 1840 1298 1868 ex
1330 1826 1409 1869 hae
1445 1825 1532 1883 ipsa
1567 1826 1721 1870 intima
1755 1826 1932 1877 mentis,
1972 1836 2015 1870 et
2040 1843 2131 1871 cor-

625 1887 691 1931 dis
724 1902 820 1930 cum
854 1887 950 1929 Deo
981 1886 1162 1937 unione,
1199 1902 1248 1929 ac
1281 1901 1520 1946 numquam
1555 1887 1796 1945 interrupta
1831 1888 2029 1931 omnium
2059 1905 2129 1932 co-

626 1948 900 2006 gitationum,
936 1954 978 1989 et
1010 1962 1192 2005 operum
1228 1946 1284 1990 ad
1316 1947 1521 1991 Divinam
1556 1948 1738 2005 gioriam
1775 1948 1986 1991 relatione
2009 1982 2018 1999 ‚
2057 1964 2131 1992 ex-

625 2009 973 2053 cellentissimam
1006 2016 1050 2051 et
1084 2008 1313 2065 perfectam
1349 2008 1602 2052 charitatem
1638 2024 1739 2066 erga
1774 2009 1915 2052 Deum
1952 2008 2066 2053 dem.

625 2078 761 2114 strent
796 2070 855 2112 uti
891 2068 1035 2112 secisse
1068 2084 1139 2111 eos
1172 2076 1337 2112 constat
1372 2069 1414 2112 in
1449 2069 1648 2127 plurimis
1681 2070 1918 2113 Causarum
1943 2070 2131 2114 Relatio-

628 2131 776 2180 nibus,
814 2147 864 2173 ae
898 2145 1000 2187 prae
1033 2130 1212 2173 caeteris
1246 2129 1288 2172 in
1320 2131 1459 2173 Causa
1492 2131 1538 2175 S.
1564 2130 1681 2173 Petri
1713 2130 1770 2174 de
1792 2130 2022 2174 Aicantara
2062 2132 2127 2174 tit..

627 2192 683 2236 de
709 2191 915 2235 charitate
951 2191 991 2233 in
1025 2206 1112 2248 quo
1145 2190 1251 2233 haee
1284 2190 1476 2248 praecise
1509 2191 1725 2249 leguntur.
1750 2216 1780 2225 -—
1801 2190 1920 2234 ldem
1944 2191 2133 2235 desumi-

628 2262 696 2296 tur
720 2251 942 2310 (videlicet
975 2251 1144 2294 heroica
1167 2251 1285 2293 tttius
1316 2251 1531 2310 Charitas)
1555 2266 1609 2294 ex
1634 2258 1781 2294 mente
1806 2251 1969 2295 intenta
1994 2267 2129 2310 quam

626 2320 956 2371 perseveranter
988 2311 1030 2353 in
1066 2313 1208 2354 Deum
1243 2310 1420 2363 babuit,
1459 2319 1504 2355 ut
1536 2311 1626 2355 fere
1661 2327 1900 2371 numquam
1924 2313 1984 2356 ab
2017 2313 2133 2357 nlius

626 2374 895 2432 praesentia,
933 2380 974 2415 et
1007 2371 1156 2415 divina
1187 2371 1556 2424 consideratione,
1593 2381 1637 2416 et
1659 2372 1854 2416 oratione
1883 2374 2128 2426 recesserit,

627 2434 681 2478 ad
717 2434 848 2477 instar
882 2433 1087 2478 ardenter
1119 2432 1354 2476 amantium
1389 2434 1465 2492 qui
1499 2434 1569 2479 die
1603 2441 1818 2493 nocteque
1861 2434 1917 2478 de
1950 2451 2134 2494 persona

627 2495 780 2540 dilecta
814 2494 1000 2539 fideliter
1034 2494 1286 2552 intenteque
1307 2494 1495 2553 cogitant
1517 2530 1524 2544 ,
1561 2496 1683 2554 quod
1720 2495 1762 2538 in
1788 2495 1865 2539 ista
1891 2496 2025 2540 Serva
2050 2496 2130 2540 Dei

627 2556 819 2600 evenisse
853 2556 1041 2615 probant
1064 2556 1228 2599 Testes.
1248 2581 1277 2589 —

503 2616 579 2660 95.
612 2617 741 2673 Quod
773 2617 806 2660 si
839 2618 1055 2661 Aeternae
1083 2616 1288 2660 Veritatis
1319 2617 1507 2668 oraculo,
1543 2632 1598 2661 ex
1620 2617 1891 2661 abundantia
1917 2618 2061 2662 cordis
2083 2634 2130 2662 os

627 2678 848 2737 loquitur,
893 2678 953 2721 nil
988 2678 1147 2721 mirum
1185 2677 1302 2736 quod
1335 2679 1470 2722 Serva
1513 2678 1593 2722 Dei
1628 2678 1672 2722 iu
1716 2678 1837 2722 cuius
1875 2688 2046 2731 mente,
2087 2687 2131 2724 et

627 2739 757 2783 corde
790 2739 1024 2784 iucundam
1048 2738 1130 2783 sibi
1165 2738 1434 2783 mansionem
1468 2739 1650 2784 dilectus
1690 2748 2040 2798 praeparaverat,
2076 2740 2131 2785 de

630 2802 689 2844 Eo
706 2816 879 2860 semper
894 2809 939 2844 et
960 2800 1015 2844 de
1034 2799 1213 2844 infinitis
1236 2800 1337 2844 Eius
1354 2800 1599 2853 adtributis,
1621 2808 1666 2844 et
1690 2800 2029 2846 Perfectionihus
2051 2817 2133 2846 ser-

631 2875 804 2906 monem
838 2862 1036 2906 haberet.
1065 2861 1188 2906 Dicta
1220 2861 1357 2905 Testis
1379 2863 1421 2906 X
1439 2859 1628 2922 (Summ.
1656 2861 1765 2906 ibid.
1793 2878 1891 2921 pag.
1916 2863 2019 2922 90.)
2046 2884 2061 2902 ι
2078 2864 2138 2907 La

637 2941 653 2963 ι
680 2924 809 2968 carita
852 2923 996 2968 eroica
1029 2922 1144 2967 delia
1190 2922 1336 2968 Madre
1378 2922 1478 2968 dett‘
1500 2922 1803 2968 incarnazione
1844 2922 1876 2967 si
1913 2923 2138 2969 manifesti)
