2592 3536
704 307 794 351 404

701 394 902 442 quaeras.
938 377 1173 424 summarii
1208 377 1416 438 pervolve
1451 378 1633 429 tabulas;
1662 377 1695 421 si
1718 392 1882 421 annum
1906 394 1955 421 ae
1978 377 2092 422 diem
2120 393 2235 422 mor-

705 443 760 486 tis
792 438 997 498 excipias,
1034 439 1108 482 vix
1142 438 1372 498 quidpiam
1409 447 1536 483 testes
1569 440 1626 485 de
1668 440 1712 484 S.
1755 441 1811 483 D.
1855 438 1978 483 obitu
2024 437 2226 483 innuunt.

696 500 892 560 Reliquis
925 500 1150 544 silentibus
1182 516 1293 544 unus
1329 508 1394 544 est
1429 501 1544 543 testis
1577 501 1619 544 X
1656 499 1842 559 (Summ.
1881 514 1979 557 pag.
2018 498 2123 558 450)
2149 500 2226 558 qui

700 561 864 621 aliquid
898 560 1166 606 enucleatius
1199 561 1393 619 exponit.
1429 561 1609 605 Causam
1647 569 1790 604 tamen
1828 560 1919 603 eius
1951 559 2154 604 scientiae
2187 560 2221 604 si

699 637 896 682 quaeras,
935 637 984 667 ea
1017 622 1101 666 alia
1137 637 1221 665 non
1255 629 1319 665 est
1351 637 1480 680 quam
1516 622 1606 679 ipsa
1641 620 1765 664 lectio
1809 620 2013 664 historiae
2062 636 2084 663 a
2130 620 2221 664 filio

700 686 858 729 Servae
893 683 974 727 Dei
1010 683 1123 741 typis
1156 682 1314 726 editae.
1351 682 1423 726 Ab
1456 697 1507 725 eo
1539 681 1701 725 seilicet
1733 681 1805 739 qui
1842 681 1883 724 in
1929 680 2067 724 Gallia
2109 682 2222 725 scri-

697 744 785 804 psit
818 758 931 802 quae
965 743 1006 786 in
1040 742 1283 788 Canadensi
1318 743 1492 801 regione
1525 741 1810 799 contigerant.
1851 743 1964 785 Haec
2003 742 2224 786 Animad-

700 820 864 848 versor.
902 804 947 849 Si
980 804 1249 848 adversarius
1281 811 1427 846 noster
1448 818 1560 861 quae
1584 804 1626 846 in
1650 802 1887 847 Summarii
1910 818 2093 861 numero
2115 804 2223 846 XlX

701 873 914 923 prostant,
953 872 1115 907 attente
1148 864 1332 921 legisset,
1371 862 1537 906 obitum
1571 865 1731 909 Servae
1767 863 1845 907 Dei
1871 863 2037 908 Sororis
2060 864 2219 907 Mariae

699 925 757 969 ab
790 924 1092 968 incarnatione
1125 924 1406 969 sanctimonia
1440 932 1552 968 certe
1586 932 1780 968 notatum
1817 924 1935 967 illum
1960 923 2212 981 deprehen-

701 985 846 1037 disset,
884 985 945 1028 uti
980 985 1156 1043 exigunt
1188 985 1350 1029 Urbani
1385 986 1478 1028 Vlll
1513 984 1702 1029 decreta.
1740 986 1783 1028 ln
1808 1001 1859 1028 eo
1883 999 2072 1042 namque
2094 999 2222 1042 prae-

702 1055 767 1089 ter
800 1046 936 1096 diem,
974 1053 1015 1088 et
1051 1061 1213 1089 annum
1249 1046 1398 1089 mortis
1422 1045 1623 1089 Eiusdem
1649 1047 1809 1090 Servae
1832 1047 1928 1096 Dei,
1971 1060 2055 1087 non
2094 1045 2220 1104 quid-

701 1107 816 1164 piam
852 1114 1049 1158 tantum,
1086 1105 1161 1150 sed
1197 1107 1352 1150 multas
1388 1106 1579 1150 referunt
1612 1114 1742 1149 testes
1774 1123 1825 1150 ex
1861 1107 1908 1150 iis
1941 1105 2224 1148 circumstan-

700 1167 769 1211 tiis
800 1182 912 1226 quae
945 1166 1109 1210 dictum
1144 1167 1309 1211 obitum
1345 1168 1412 1210 vel
1447 1176 1785 1224 praecesserunt,
1811 1168 1878 1211 vel
1913 1166 2223 1210 concomitatae

700 1236 815 1278 sunt,
856 1227 920 1270 vel
957 1226 1147 1286 denique
1178 1236 1278 1271 sunt
1311 1236 1577 1271 consecutae.

827 1289 930 1331 428.
970 1289 1020 1330 Et
1053 1288 1196 1346 quoad
1230 1288 1321 1332 illas
1356 1304 1468 1346 quae
1502 1297 1824 1346 praecesserunt
1858 1288 1979 1332 illum
2016 1287 2186 1330 obitum
2209 1321 2220 1340 ,

698 1364 784 1392 non
819 1347 985 1406 aliquid
1020 1347 1257 1400 dumtaxat,
1278 1347 1354 1392 sed
1378 1350 1501 1406 plura
1525 1349 1787 1393 enucleatius
1812 1350 1974 1408 profert
1999 1348 2135 1391 Testis
2157 1349 2215 1400 X,

698 1408 900 1452 videlicet
934 1409 989 1452 de
1024 1409 1181 1452 invicta
1214 1411 1374 1454 Servae
1409 1410 1488 1453 Dei
1525 1411 1726 1468 patientia
1762 1411 1803 1454 in
1836 1408 2094 1454 cruciatibus
2117 1424 2223 1452 suae

699 1477 943 1529 postremae
988 1469 1247 1514 infirmitatis
1281 1470 1532 1521 tolerandis,
1558 1471 1614 1515 de
1638 1471 1904 1521 omnimoda,
1932 1478 1974 1513 et
1998 1477 2221 1528 prompta,

701 1539 831 1589 atque
864 1530 988 1574 hilari
1022 1530 1307 1574 submissione
1345 1531 1528 1575 Divinae
1560 1532 1771 1575 voluntati
1800 1534 1841 1575 in
1876 1530 2136 1589 acceptanda
2159 1529 2228 1573 di-

701 1600 766 1635 cta
802 1599 956 1642 morte,
984 1591 1039 1635 de
1062 1591 1232 1635 fervore
1249 1608 1335 1650 quo
1360 1592 1563 1635 Divinam
1588 1593 1896 1637 Eucharistiam
1921 1590 2089 1649 saepius
2111 1605 2225 1634 sum-

700 1651 802 1710 psit,
839 1659 882 1694 et
915 1667 1002 1709 quo
1036 1667 1185 1709 preces
1218 1652 1428 1696 fundebat
1463 1668 1545 1695 non
1582 1661 1746 1696 tantum
1782 1669 1860 1711 pro
1893 1668 1937 1696 se
1960 1686 1970 1702 ‚
2008 1660 2221 1711 quantum

703 1728 782 1770 pro
815 1712 918 1764 suis,
956 1711 1011 1755 de
1045 1712 1271 1763 immenso,
1310 1721 1353 1756 et
1376 1713 1584 1757 iness'abili
1608 1714 1700 1756 zelo
1723 1714 1873 1757 salutis
1897 1713 2140 1757 animarum
2170 1711 2228 1755 ad

703 1788 836 1831 quam
874 1771 1039 1816 facilius
1071 1772 1357 1817 obtinendam
1392 1781 1582 1832 paratam
1608 1790 1700 1818 sese
1719 1774 1986 1818 exhibuisset
2003 1772 2057 1816 ad
2081 1781 2224 1816 extre-

701 1846 823 1877 mum
859 1849 996 1891 usque
1031 1833 1178 1877 iudicii
1213 1835 1328 1878 diem
1362 1850 1460 1878 cum
1496 1835 1617 1878 verbi
1653 1834 1788 1878 divini
1823 1833 2109 1893 praeconibus
2150 1833 2224 1876 in-

701 1893 875 1945 sudare,
913 1902 956 1937 et
990 1894 1210 1938 universas
1245 1895 1395 1939 mundi
1431 1895 1575 1953 plagas
1608 1911 1886 1954 percurrere,
1924 1902 1966 1937 et
2001 1894 2056 1937 ita
2091 1910 2228 1952 porro

705 1955 893 2013 (summ.
933 1971 1033 2014 pag.
1073 1956 1281 1999 450-453
1315 1956 1361 2016 S.
1398 1957 1583 2016 34-63).
1634 1957 1781 2000 Relate
1816 1972 1919 2000 vero
1952 1955 2008 1998 ad
2042 1955 2227 1998 circum-

706 2015 884 2059 stantias
918 2031 1028 2074 quae
1062 2017 1297 2075 pretiosum
1336 2018 1415 2061 Dei
1449 2018 1653 2061 Famulae
1687 2018 1855 2060 obitum
1890 2023 1992 2060 sunt
2014 2016 2230 2059 concomi-

703 2084 820 2120 tatae
855 2078 990 2120 multa
1022 2092 1196 2137 quoque
1231 2078 1473 2122 retulerunt
1509 2087 1634 2122 testes
1669 2087 1710 2121 et
1745 2078 1976 2135 praecipue
2014 2076 2134 2133 quod
2185 2077 2228 2120 in

703 2137 826 2180 vultu
860 2139 1020 2182 Servae
1054 2140 1132 2182 Dei
1167 2154 1219 2181 ex
1253 2140 1331 2183 hac
1365 2139 1451 2182 vita
1486 2139 1759 2190 decedentis,
1797 2138 2004 2198 gaudium
2038 2145 2081 2180 et
2112 2153 2228 2181 sere-

707 2198 818 2241 nitas
849 2199 1023 2243 animae
1055 2200 1310 2258 apparebat.
1338 2201 1429 2243 lmo
1462 2215 1515 2243 ex
1550 2200 1722 2244 testium
1758 2199 2028 2258 depositione
2067 2199 2224 2259 liquet,

703 2259 826 2318 quod
859 2260 932 2303 vix
965 2276 1013 2304 ae
1046 2262 1180 2306 Serva
1217 2261 1296 2304 Dei
1334 2261 1501 2303 mortali
1538 2262 1616 2305 hac
1651 2261 1736 2304 vita
1770 2261 1913 2304 funeta
1947 2267 2025 2303 est.
2064 2258 2229 2303 transli-

705 2320 873 2379 gnratio
907 2320 949 2363 in
985 2321 1085 2365 Eius
1120 2322 1239 2365 vultu
1274 2322 1415 2365 locum
1448 2322 1600 2365 habuit
1635 2322 1677 2364 in
1713 2321 1833 2365 cuius
1867 2320 1965 2363 miri
2000 2320 2095 2363 l'acti
2130 2335 2232 2363 me—

703 2380 889 2424 moriam
909 2382 1223 2425 Ambrosianus
1256 2383 1441 2441 hymnus
1474 2399 1498 2425 a
1531 2382 1702 2426 duobus
1727 2382 1823 2426 hinc
1844 2381 2022 2424 saeculis
2048 2389 2231 2438 quotan-

708 2442 775 2485 nis
810 2441 880 2485 die
920 2443 1020 2486 Eius
1064 2443 1208 2486 obitus
1253 2443 1546 2487 anniversaria
1593 2444 1635 2487 in
1669 2441 1939 2499 Quebecensi
1974 2442 2228 2486 Monasterio

710 2502 892 2547 canitur.
931 2504 977 2547 ld
1013 2519 1113 2547 vero
1147 2513 1312 2548 constat
1345 2520 1432 2548 non
1468 2512 1633 2547 tantum
1669 2520 1723 2547 ex
1756 2505 1891 2547 Texte
1923 2503 1981 2551 X,
2014 2518 2154 2561 neque
2177 2519 2232 2547 ex

705 2563 794 2607 vita
828 2565 987 2609 Servae
1022 2565 1102 2608 Dei
1138 2581 1160 2608 a
1196 2565 1282 2609 lilio
1316 2566 1416 2608 Eius
1450 2565 1490 2608 in
1526 2566 1664 2609 Gallia
1699 2570 1993 2609 commorante
2033 2564 2188 2621 scripta
2210 2598 2220 2615 ‚

705 2625 782 2668 sed
817 2642 840 2668 a
873 2626 1053 2669 testibus
1088 2626 1198 2676 aliis,
1236 2635 1278 2670 et
1311 2627 1545 2685 praecipue
1579 2643 1602 2670 a
1638 2634 1745 2669 teste
1778 2627 1832 2668 lV
1873 2624 1998 2668 lllffio
2039 2633 2081 2667 et
2120 2627 2229 2668 Rffio

704 2686 807 2729 Dfio
840 2686 1072 2730 Edmundo
1105 2688 1325 2745 Langevin
1363 2687 1530 2731 Vicario
1553 2688 1755 2731 Generali
1778 2687 2034 2730 Dioeceseos
2057 2686 2231 2741 Quebe-

705 2746 841 2790 censis
874 2755 917 2791 et
951 2748 1175 2792 Rimouski
1210 2750 1283 2807 qui
1319 2750 1609 2806 interrogatus
1642 2748 1749 2807 quid
1783 2746 1964 2791 senserit
1998 2747 2054 2791 de
2097 2748 2230 2791 Fama

706 2808 1016 2852 miraculorum
1050 2811 1211 2855 Servae
1236 2810 1316 2853 Dei
1342 2809 1646 2854 intercessione
1669 2818 1957 2867 patratorum,
1985 2809 2227 2867 respondit:

709 2887 727 2908 ι
758 2869 884 2912 Dalle
917 2885 1050 2927 opere
1082 2871 1162 2915 che
1195 2870 1250 2914 ho
1285 2871 1402 2921 lette,
1440 2886 1463 2913 e
1497 2869 1553 2914 da
1587 2871 1652 2914 cio
1686 2871 1765 2914 che
1798 2870 1852 2913 ho
1888 2869 2024 2912 inteso
2056 2869 2111 2912 da
2142 2869 2228 2913 ben

707 2949 727 2968 ι
756 2930 889 2990 lungo
925 2939 1072 2991 tempo
1107 2931 1146 2975 io
1180 2946 1284 2976 sono
1317 2931 1522 2975 convinto
1552 2932 1628 2976 che
1663 2932 1701 2975 la
1736 2931 1881 2976 Madre
1913 2930 2230 2975 dell’lnearna-
