2632 3616
711 299 771 346 ss

708 381 915 421 consueto
948 372 1128 418 aliorum
1165 369 1336 432 piorum
1370 371 1595 418 hominum
1624 372 1769 424 modo,
1806 372 1881 418 sed
1906 375 2200 424 extraordina-

707 438 770 482 rio
806 450 978 495 prorsus
1011 449 1060 477 ac
1091 433 1313 490 singulari,
1352 434 1552 479 videlicet
1586 434 1775 478 maximo
1809 435 1939 479 animi
1962 436 2134 490 ardore,
2160 446 2202 483 et

708 497 959 542 assiduitate
992 493 1182 537 mirabili
1215 494 1561 540 concludendum
1597 510 1692 538 cum
1726 494 1911 539 laudatis
1934 498 2198 552 auctoribus,

708 557 921 602 heroicam
956 555 1036 598 hoe
1068 570 1121 597 ex
1154 554 1294 613 capite
1327 556 1517 599 extitisse
1549 556 1709 600 Sorvae
1743 556 1823 600 Dei
1851 556 2016 600 Fidem.

584 620 661 665 25.
698 618 782 665 Sed
818 625 860 660 ct
893 631 944 659 ex
978 615 1210 658 devotione
1246 614 1371 673 plane
1406 616 1613 674 singulari
1653 632 1739 674 qua
1770 619 1902 661 Serva
1937 616 2017 660 Dei
2052 619 2200 663 Sacro-

705 684 852 722 saneto
876 677 1026 720 Missae
1048 675 1263 719 Sacrilicio
1286 676 1481 734 quotidie
1516 677 1735 727 intererat,
1764 685 1807 719 et
1829 693 1913 736 qua
1940 677 2102 735 pariter
2122 679 2204 723 sin-

702 738 813 797 gulis
848 737 936 780 fere
969 736 1125 780 diebus
1157 736 1211 779 ad
1246 751 1410 780 sacram
1445 736 1641 795 synaxim
1666 736 1895 781 accedebat
1917 736 2199 784 confirmatur

704 797 958 843 excellentia
992 796 1130 841 dictae
1164 796 1300 839 Fidei.
1354 798 1588 854 Praecipue
1619 811 1722 840 vcro
1756 798 1967 841 Ecclesiae
2015 799 2122 842 ritus
2156 800 2197 843 in

707 858 859 916 spiritu
893 857 1007 901 lllius
1042 857 1127 899 vim
1162 856 1407 899 excitabant
1440 858 1764 907 vehementem,
1787 865 1827 899 ct
1852 873 1929 915 per
1962 873 2034 902 eos
2068 860 2202 918 lpsius

706 920 833 964 Fides
857 918 1043 962 maxime
1065 917 1453 975 augebatur'l'estis
1477 918 1549 961 Vll
1575 915 1974 975 (Summ.num.Vll
1996 920 2201 982 pag.7l.)

713 1001 727 1019 t
753 981 783 1023 ll
817 995 894 1022 suo
926 978 1079 1035 spirito
1112 978 1307 1020 ricevcva
1339 976 1453 1021 delle
1488 977 1700 1036 profunde
1735 977 2003 1036 impressioni
2028 980 2111 1023 alle
2131 996 2199 1024 ce-

712 1062 727 1080 .
756 1039 949 1083 remonie
999 1037 1111 1081 della
1144 1037 1313 1081 Chiesa.
1366 1037 1495 1081 Tuttc
1531 1039 1571 1081 le
1605 1047 1783 1097 potenze
1816 1036 1917 1082 dell'
1943 1038 2092 1083 anima
2126 1055 2201 1086 sua

710 1122 726 1140 2
754 1116 886 1144 erano
921 1099 1058 1156 rapite
1091 1097 1206 1141 dalle
1239 1098 1370 1147 belle,
1399 1114 1422 1142 e
1455 1099 1611 1157 grandi
1644 1114 1741 1143 cose
1778 1100 1817 1143 le
1849 1098 1967 1158 quali
2001 1112 2202 1159 vengono

709 1183 725 1201 ι
755 1176 777 1204 a
811 1174 1037 1218 comporre
1070 1158 1097 1201 il
1129 1158 1245 1201 culto
1277 1159 1502 1203 Cattolico.
1539 1160 1631 1211 Cio,
1660 1160 1749 1203 Ella
1784 1160 1903 1209 dice,
1942 1169 2201 1206 aumentava

712 1244 727 1263 ι
756 1222 794 1264 la
829 1221 915 1264 mia
949 1219 1164 1263 fede......
1188 1219 1277 1262 Ella
1309 1220 1516 1263 ascoltava
1552 1220 1590 1263 la
1624 1220 1753 1263 Santa
1790 1221 1920 1262 Messa
1956 1220 1996 1262 in
2031 1221 2199 1265 ciascun

710 1305 725 1322 ι
754 1283 903 1340 giorno
926 1313 935 1330 ‚
973 1296 997 1322 c
1032 1288 1206 1322 trovava
1243 1279 1281 1321 le
1313 1295 1386 1322 sue
1420 1279 1570 1323 delizie
1604 1279 1714 1322 nella
1748 1288 1867 1323 santa
1900 1280 2194 1333 Comunione,

709 1364 725 1382 ι.
754 1357 836 1385 non
872 1339 1131 1383 sot-teudone
1164 1339 1370 1397 giammai
1405 1355 1527 1384 senza
1560 1339 1872 1397 spen-imentare
1907 1354 1964 1382 un
2001 1343 2199 1386 accresci-

709 1424 725 1441 .
755 1410 900 1445 mento
932 1399 976 1443 di
1012 1399 1203 1443 dolcezza
1238 1415 1261 1441 e
1295 1400 1337 1443 di
1372 1401 1532 1444 soavita
1568 1416 1688 1443 verso
1724 1400 1753 1443 il
1786 1401 2011 1459 prossimo,
2050 1402 2106 1446 ed
2141 1419 2199 1446 un

707 1485 722 1503 ι
752 1462 922 1505 novello
970 1460 1169 1518 cot-aggio
1206 1474 1282 1516 per
1323 1469 1576 1519 sopportare
1612 1461 1649 1504 le
1682 1476 1759 1504 sue
1790 1461 1916 1504 croci.
1945 1481 1962 1499 ι
2002 1461 2197 1520 tdipsum

699 1523 927 1568 confirmat
961 1522 1002 1564 X
1024 1520 1159 1564 'Pestis
1193 1520 1380 1578 (Surum.
1406 1537 1524 1564 nam.
1554 1523 1628 1564 Vll
1653 1536 1750 1579 pag.
1773 1521 1848 1580 73>
1891 1542 1907 1561 ι
1933 1522 2025 1565 Ella
2060 1537 2196 1567 aveva

711 1606 727 1625 ι
755 1599 838 1627 una
863 1582 960 1626 tede
985 1582 1080 1624 viva
1102 1580 1179 1624 che
1214 1581 1471 1638 ingenerava
1506 1583 1548 1625 in
1584 1582 1656 1624 Lei
1692 1582 1730 1624 lo
1765 1583 1917 1638 spirito
1953 1582 1998 1626 di
2034 1584 2200 1627 orazio-

708 1667 722 1684 ι
752 1659 821 1694 ne,
859 1644 936 1687 che
971 1656 1054 1685 non
1089 1655 1222 1684 avcva
1256 1656 1400 1693 cuore,
1440 1658 1493 1685 ne
1526 1641 1676 1699 spirito
1709 1642 1787 1685 che
1811 1658 1887 1700 per
1910 1642 1938 1685 il
1969 1644 2084 1687 bene
2108 1660 2199 1688 cer-

707 1728 723 1744 „
752 1704 890 1747 cando
926 1702 951 1745 il
987 1717 1063 1745 suo
1096 1709 1294 1758 sostcgno
1328 1703 1439 1746 nella
1484 1703 1631 1760 parola
1681 1702 1724 1745 di
1777 1704 1875 1755 Dio,
1923 1704 2037 1747 nelle
2083 1720 2201 1749 cere-

709 1788 725 1805 .
754 1764 898 1808 monte
932 1763 1047 1806 della
1081 1763 1247 1812 Chiesa,
1285 1777 1308 1805 e
1340 1771 1599 1821 soprattutto
1635 1763 1743 1806 nella
1768 1762 1998 1823 frequenza
2032 1764 2102 1808 dei
2126 1767 2200 1810 Sa·

709 1849 724 1866 ι
750 1823 977 1869 cramenti.
1001 1843 1016 1861 ι
1058 1825 1105 1866 Et
1137 1822 1296 1867 clarius
1327 1839 1502 1882 quoque
1535 1825 1708 1867 Summ.
1731 1823 1839 1867 ibid.
1869 1840 1967 1883 pag.
1995 1826 2071 1868 75.
2094 1826 2198 1870 haec

702 1885 867 1930 asserit:
911 1905 926 1922 ε
950 1885 993 1929 Si
1029 1897 1286 1942 appi-essava
1320 1885 1402 1928 alla
1437 1884 1687 1928 Santissima
1723 1885 1956 1929 Eucaristia
1998 1901 2076 1928 003}
2113 1902 2198 1931 una

709 1967 725 1985 »
752 1946 851 1992 fede
882 1943 1207 1989 straordinaria.
1247 1945 1326 1988 Era
1361 1960 1485 2003 presa
1520 1945 1634 1988 dalla
1670 1946 1919 2003 meraviglia
1956 1946 2054 1989 nell'
2075 1947 2201 1991 udirc

711 2029 725 2046 ι
752 2007 828 2049 che
864 2006 1009 2049 faccva
1043 2003 1202 2063 d'uopo
1236 2013 1525 2063 assoggcttarc
1561 2005 1586 2047 il
1624 2006 1798 2062 proprio
1834 2005 2044 2049 intelletto
2079 2008 2194 2052 onde

708 2089 724 2105 »
751 2064 1063 2110 sottomctterlo
1095 2080 1118 2107 a
1152 2064 1218 2108 οἰὸ
1251 2065 1328 2108 che
1353 2066 1390 2109 la
1406 2067 1556 2109 Chiesa
1578 2065 1752 2123 insegna
1773 2066 1977 2124 riguardo
1996 2082 2020 2109 a
2043 2077 2201 2125 questo

709 2149 724 2167 »
752 2127 872 2170 divin
906 2128 1202 2171 Sam-amento.
1222 2126 1354 2169 come
1379 2127 1468 2169 Elia
1493 2125 1602 2174 (lice,
1632 2127 1726 2169 Essa
1750 2142 1926 2170 corrcva
1952 2127 2194 2180 satamon-e,

715 2209 730 2227 a
759 2186 937 2230 tracndo
985 2192 1094 2228 tutte
1128 2185 1166 2228 le
1197 2201 1273 2228 sue
1307 2186 1420 2229 l'orze
1453 2187 1506 2230 da
1541 2193 1691 2244 questo
1724 2187 1821 2229 cibo
1854 2187 2026 2232 divino.
2064 2190 2108 2231 lo
2144 2189 2198 2232 ho

706 2270 723 2287 ι
752 2248 795 2291 di
831 2247 898 2305 gia
933 2247 1097 2305 parlato
1130 2246 1245 2304 degli
1280 2246 1414 2289 esseut
1450 2248 1527 2290 che
1561 2246 1807 2304 produceva
1841 2248 2089 2292 nell'anima
2123 2265 2198 2293 sua

711 2330 726 2348 ³·
754 2308 793 2351 la
826 2308 1075 2353 Santissima
1110 2306 1363 2350 Euearistia.
1387 2328 1402 2345 ι

578 2371 655 2414 26.
695 2368 946 2413 Huiusmodi
983 2382 1112 2426 porro
1136 2367 1487 2424 incomparabilis
1509 2369 1669 2413 Set-vae
1690 2367 1768 2411 Dei
1788 2367 1978 2421 devotio,
2001 2378 2041 2413 et
2063 2370 2199 2428 pietas

704 2430 832 2489 plane
863 2428 1091 2486 singularis
1114 2429 1222 2484 Erga
1259 2427 1531 2471 incruentum
1555 2429 1704 2471 Missae
1726 2429 2008 2482 Sacrificium,
2036 2439 2078 2473 et
2101 2447 2199 2474 san-

701 2490 936 2535 ctissimum
971 2488 1261 2533 Eucharistiae
1294 2491 1619 2532 Sacramentum
1660 2504 1804 2532 nonne
1836 2498 1878 2532 et
1913 2492 2005 2547 ipsa
2042 2492 2199 2535 invicte

588 2565 593 2570 ·
655 2575 658 2579 ⁴
701 2552 1000 2595 demonstrant
1037 2549 1358 2600 Excellentiam,
1397 2558 1440 2593 ct
1474 2550 1720 2593 firmitatem
1757 2550 1875 2593 Fidei
1916 2567 2000 2609 qua
2037 2552 2197 2595 Eadem

652 2637 655 2639 -
705 2613 768 2655 vel
802 2611 860 2655 ab
894 2610 1135 2669 unguiculis
1170 2610 1248 2653 suit
1283 2610 1484 2654 imbuta?
1519 2612 1568 2653 Et
1600 2626 1700 2654 sane
1737 2611 1833 2654 licet
1866 2613 2196 2656 Sacramentum

703 2672 950 2716 huiusmodi
986 2671 1323 2715 Eucharisticum
1359 2688 1381 2715 a
1415 2671 1583 2716 Christo
1619 2671 1745 2714 interit
1789 2671 1829 2715 in
1872 2673 2024 2716 ultima
2065 2689 2197 2717 coena

704 2743 939 2791 antequam
967 2739 1188 2791 pateretur
1213 2731 1452 2775 institutum
1476 2732 1529 2776 ad
1555 2732 1815 2775 immensum
1840 2748 2032 2777 amorem
2067 2749 2193 2778 suum

702 2810 804 2852 erga
843 2808 919 2836 nos
968 2793 1331 2837 manifestandum
1358 2827 1368 2843 ‚
1420 2802 1462 2836 ct
1505 2793 1546 2836 in
1584 2808 1819 2851 perennem
1856 2794 2063 2852 passionis
2096 2811 2198 2838 snae

707 2855 961 2897 memoriam
999 2854 1099 2897 illud
1137 2854 1383 2911 perpetuari
1421 2853 1703 2912 praeceperit,
1730 2861 1919 2898 attamen
1946 2855 2195 2913 Mysterium

707 2916 826 2958 Fidei
865 2915 929 2959 vel
966 2917 1058 2973 lpse
1092 2915 1285 2959 Clu-istus
1317 2930 1395 2973 per
1429 2915 1723 2958 excellentiam
1751 2915 1853 2959 illud
1878 2915 2017 2959 voluit
2043 2916 2194 2975 appel-
