2624 3568
2012 263 2073 308 69

560 354 576 373 n
605 332 824 405 palmento
858 332 927 375 nel
951 333 1190 375 monastero
1214 331 1326 375 delle
1348 331 1563 384 Orsoline,
1591 332 1618 375 l'
1622 332 1828 392 opinione
1861 333 1975 378 della
1998 351 2076 381 sua

558 415 574 434 ι
602 393 754 438 santita
793 391 848 436 da
892 392 1024 450 lungo
1058 399 1206 449 tempo
1240 391 1292 434 lia
1326 401 1520 450 regnatu.
1559 393 1611 437 Al
1646 401 1867 439 momento
1892 410 2072 453 presen-

559 473 575 493 »
607 463 647 498 te
679 453 742 497 elo
775 453 950 498 sembra
980 467 1123 497 essere
1157 468 1214 495 un
1240 452 1443 496 unanime
1464 469 1686 506 consenso,
1717 463 1835 499 tanto
1869 471 1950 514 per
1972 457 2080 514 pub-

558 535 573 554 .
602 516 762 558 blieare
786 514 826 557 le
863 528 938 557 sue
977 512 1106 562 virtu.
1145 520 1310 571 quanto
1355 528 1431 570 per
1455 514 1689 566 invocarla,
1716 531 1740 559 e
1763 515 2034 561 sollecitare
2025 533 2067 561 in

555 595 571 615 5
600 576 655 620 tal
689 575 809 632 guisa
846 574 1008 632 l'epoca
1042 573 1156 618 della
1179 589 1255 617 sua
1275 573 1599 618 Beatiticazione
1622 574 1757 634 (1).»
1785 578 1911 632 Quod
1937 577 2067 623 etiam

549 636 833 681 confirmatur
864 651 888 679 a
923 643 1029 678 teste
1063 635 1201 678 xvnt
1270 650 1348 678 uae
1382 633 1437 678 de
1470 635 1649 679 caeteris
1669 636 1888 682 Ursulinai
1881 653 1964 681 um
1990 640 2074 682 Μο-

550 695 744 741 nasteriis
778 696 914 740 relate
946 695 1001 739 ad
1036 695 1233 739 huiusmo
1271 694 1281 737 i
1330 695 1575 741 Sanctitatis
1615 697 1795 741 Famam
1829 698 1937 742 haee
1970 714 2077 743 nar-

553 765 651 801 rut:
693 777 707 795 ι
747 758 864 801 Sono
895 765 1215 827 quarantusette
1249 755 1348 799 anni
1383 757 1462 801 elie
1495 771 1600 800 sono
1643 765 1810 802 enti-ata
1844 759 1886 801 in
1922 769 2074 829 questo

560 839 577 857 ι
607 819 863 869 monastero,
911 817 966 860 ed
1002 818 1057 861 ho
1105 817 1263 861 vissuto
1307 817 1426 876 quasi
1471 816 1755 861 dieciannovc
1801 817 1900 862 antii
1936 819 1977 862 in
2014 829 2077 863 tre

559 899 574 917 ι
604 879 712 922 altie
749 894 846 922 case
879 878 922 921 di
947 878 1146 922 Orsolinc
1181 878 1249 921 nil
1283 879 1439 922 Texas.
1478 880 1541 921 llo
1575 894 1745 936 scmpre
1797 879 1934 923 inteso
1971 895 2077 938 par-

557 959 574 978 »
604 940 692 983 lare
724 939 839 982 della
876 946 1019 983 nostra
1056 938 1315 982 Venerabile
1350 939 1495 983 Madrc
1519 954 1641 983 come
1659 939 1704 983 di
1730 955 1811 984 una
1835 956 1939 999 gran
1965 942 2073 984 San-

557 1019 572 1037 ·
603 1008 662 1043 ta.
701 1001 958 1044 Rammcnto
1001 999 1046 1043 di
1083 1015 1211 1043 avere
1244 1000 1313 1042 nei
1349 999 1449 1044 miei
1485 1001 1625 1058 viaggi
1659 1000 1796 1044 intcso
1831 1000 2075 1046 manifesta-

559 1080 574 1097 ·
605 1076 650 1104 re
684 1059 711 1103 il
745 1060 819 1117 piu
858 1059 1022 1118 grande
1054 1068 1228 1118 stupore
1260 1060 1338 1104 che
1372 1076 1457 1104 una
1491 1061 1524 1103 si
1558 1076 1660 1118 grau
1696 1062 1825 1105 Santa
1856 1076 1943 1105 non
1968 1060 2076 1106 fosse

563 1140 580 1159 »
608 1128 718 1164 stata
752 1136 908 1164 ancora
941 1121 1213 1164 canonizzata
1248 1121 1332 1179 (2).
1361 1141 1377 1160 ι
1401 1120 1593 1179 ldipsum
1634 1122 1845 1165 sexcentis
1880 1122 1974 1165 aliis
2008 1130 2079 1166 te-

554 1181 685 1225 stium
719 1181 1065 1239 depositionibus
1098 1190 1239 1240 posset
1275 1182 1511 1225 luculenter
1548 1181 1810 1226 consu-mari.
1839 1184 1938 1225 Post
1972 1181 2076 1226 liaec

554 1257 640 1300 quo
677 1242 794 1294 iure,
834 1250 877 1285 ct
919 1258 1005 1300 quo
1060 1242 1250 1287 veritatis
1285 1242 1571 1286 fundamento
1616 1243 1750 1301 possit
1783 1241 2075 1286 Animadver-

553 1318 623 1346 sor
658 1303 857 1361 egregius
890 1318 1080 1346 asserere
1122 1305 1302 1346 Famam
1342 1303 1587 1348 Sanctitatis
1625 1303 1794 1348 Sororis
1830 1303 1989 1347 Mariae
2021 1304 2079 1347 ab

552 1364 854 1407 incarnatione
888 1364 1004 1421 apud
1038 1380 1135 1407 suos
1170 1364 1515 1421 languescentem
1551 1378 1658 1414 esse,
1696 1380 1745 1407 ne
1794 1379 1905 1422 pene
1937 1364 2077 1407 extin-

551 1432 679 1472 ctam.
716 1425 845 1481 plane
880 1440 962 1468 non
998 1424 1209 1482 intelligo.
1251 1427 1339 1468 tmo
1374 1424 1512 1469 audeo
1546 1424 1707 1476 dicere,
1746 1425 1863 1483 quod
1897 1424 1931 1468 si
1957 1425 2074 1482 Apo-

552 1485 681 1529 stolos
713 1485 978 1556 excipiamus
1010 1485 1066 1529 dc
1099 1487 1261 1544 quibus
1297 1486 1451 1529 merito
1484 1485 1659 1537 dicitur,
1698 1485 1815 1544 quod
1842 1485 1885 1528 in
1904 1500 2079 1528 omnem

554 1554 714 1590 terrain
748 1547 884 1589 exivit
917 1562 1046 1590 sonus
1079 1562 1249 1598 e01u‚m
1287 1553 1330 1589 ct
1363 1547 1405 1590 in
1455 1546 1565 1590 lines
1613 1546 1732 1589 orbis
1769 1555 1908 1590 terrae
1945 1548 2078 1590 verba

552 1621 718 1657 eorum,
756 1607 916 1650 nullius
951 1608 1093 1651 forsan
1130 1622 1324 1667 uuquam
1358 1608 1479 1652 Servi
1516 1607 1593 1650 Dei
1627 1608 1760 1650 Fama
1784 1607 1982 1650 dillusior
2004 1621 2080 1649 ex-

555 1667 655 1718 titit,
678 1676 748 1710 aut
785 1668 922 1725 magis
960 1676 1174 1717 constans,
1198 1675 1240 1710 et
1263 1669 1457 1725 vegetior
1479 1668 1697 1725 apparuit.
1720 1670 1772 1710 Et
1794 1683 1895 1711 sanc
1918 1666 2079 1710 Eadem

559 1743 644 1771 non
680 1728 808 1772 modo
855 1728 895 1771 in
929 1729 1093 1771 cunctis
1132 1728 1428 1771 Uisulinarum
1455 1728 1720 1772 Monastcriis
1745 1728 1897 1786 viguit,
1925 1735 1967 1770 ct
1989 1742 2081 1770 ere-

553 1789 645 1839 scit,
684 1798 720 1832 et
759 1789 803 1832 iu
857 1789 1100 1833 Canadensi
1141 1789 1357 1846 regione,
1410 1804 1561 1833 verum
1602 1789 1734 1832 etiam
1782 1789 1822 1832 in
1866 1787 2081 1832 universis

553 1849 796 1900 Americac,
838 1858 880 1893 ct
915 1851 1116 1907 Europae
1151 1849 1308 1907 regnis,
1336 1858 1378 1893 et
1411 1849 1529 1908 apud
1564 1849 1771 1907 cuiusque
1804 1848 1996 1907 generis,
2033 1857 2078 1892 et

553 1910 810 1955 conditionis
845 1910 1058 1955 homines.
1100 1910 1146 1954 ld
1183 1910 1450 1969 apertissime
1482 1910 1671 1954 declarat
1705 1911 1843 1954 Testis
1877 1910 1977 1953 Xlll
2012 1909 2078 1953 his

556 1971 731 2015 verbis:
772 1992 788 2009 ιι
830 1973 988 2027 Questa
1023 1972 1152 2015 Fama
1189 1971 1472 2030 (Sanctitatis)
1501 1972 1561 2014 mi
1595 1971 1769 2015 sembra
1803 1969 2079 2014 diffusissima

561 2052 577 2071 D
607 2047 692 2075 non
725 2033 816 2075 solo
852 2033 919 2075 nel
956 2047 1098 2090 paese,
1139 2046 1207 2074 ma
1244 2032 1355 2089 negli
1390 2032 1497 2076 Stati
1534 2032 1663 2083 Uniti,
1702 2032 1746 2075 in
1780 2034 1953 2089 Europa
1975 2063 1985 2081 ,
2021 2030 2079 2074 ed

563 2114 578 2132 ι
607 2092 649 2136 in
687 2093 843 2151 ispeeie
878 2093 919 2136 in
954 2093 1148 2136 Faucia:
1187 2092 1405 2150 Religiosi‚
1443 2091 1684 2143 Sacerdoti,
1723 2092 1927 2143 Secolari‚
1957 2107 1979 2134 e
2004 2091 2080 2134 lai-

561 2174 577 2193 »
605 2154 641 2197 ci
677 2153 719 2197 di
753 2154 852 2212 ogni
888 2154 1017 2197 classe
1066 2154 1289 2197 ricorrono
1336 2154 1417 2197 alla
1467 2153 1615 2198 Madre
1649 2153 1750 2197 dcll'
1779 2152 2081 2197 lnearnazione

562 2235 578 2253 ι
603 2230 681 2273 per
713 2224 906 2258 ottencrc
948 2214 1207 2272 gual-igioni,
1240 2214 1294 2257 ed
1328 2215 1426 2258 altri
1464 2214 1600 2258 favori
1637 2214 1722 2273 (3).
1752 2234 1769 2253 ι
1796 2215 1882 2258 Nee
1906 2222 2075 2256 tantum

556 2276 719 2330 ubique
755 2276 947 2320 locorum
983 2275 1096 2319 dicta
1131 2275 1378 2320 Sanctitatis
1427 2277 1559 2319 Fama
1594 2274 1752 2318 dill'usa
1788 2277 1828 2318 in
1868 2288 2081 2333 praesen-

558 2336 729 2388 tiarum,
756 2346 800 2381 et
824 2337 1022 2395 evulgata
1047 2345 1126 2388 est,
1149 2335 1226 2380 sed
1251 2344 1292 2379 et
1317 2336 1356 2379 in
1381 2336 1473 2380 dies
1508 2336 1644 2394 magis
1678 2336 1814 2395 viget.
1835 2344 1874 2379 et
1911 2334 2078 2378 erescit.

558 2397 605 2441 ld
631 2413 716 2440 ιιιιο
753 2398 893 2441 veluti
932 2413 1005 2440 ore
1039 2396 1264 2456 deponunt
1300 2405 1426 2441 testes
1469 2412 1635 2440 omnes,
1662 2396 1923 2455 Speciminis
1947 2395 2083 2453 grati-a

555 2458 784 2502 nonnullos
808 2459 850 2502 in
877 2458 1068 2502 medium
1106 2457 1343 2516 proferam.
1372 2460 1422 2501 Et
1446 2458 1586 2516 primo
1607 2460 1781 2501 Testem
1806 2458 1946 2501 XVlIl
1971 2471 2082 2514 quae

556 2518 610 2562 ad
643 2534 734 2562 rem
770 2519 876 2563 liaeo
908 2520 1115 2563 declarat.
1160 2540 1175 2557 a
1216 2520 1281 2561 Da
1315 2527 1480 2577 quanto
1515 2521 1569 2562 lio
1605 2518 1740 2562 inteso
1775 2518 1868 2562 dire
1902 2518 1963 2561 sia
1997 2516 2084 2559 nel-

562 2601 577 2618 ·
608 2580 811 2624 l’iuterno
855 2580 926 2624 del
972 2583 1214 2624 Monastcro
1243 2613 1252 2630 ,
1290 2579 1351 2623 sia
1401 2580 1485 2623 alla
1525 2586 1663 2638 grata,
1702 2579 1832 2624 credo
1877 2578 1957 2622 che
1992 2577 2081 2620 tale

564 2662 578 2679 n
611 2642 742 2685 Fama
786 2642 831 2685 di
865 2642 1031 2686 Santita
1064 2642 1097 2685 si
1131 2642 1195 2685 sia
1230 2640 1363 2684 molto
1397 2648 1651 2685 aumentata
1684 2641 1741 2686 da
1775 2656 1859 2684 una
1892 2653 2085 2698 quaran-

683 2762 747 2821 (4)
781 2763 937 2806 Summ.
967 2778 1071 2820 pay.
1111 2764 1199 2806 463
1269 2796 1278 2805 .
1316 2764 1393 2806 78.

685 2825 750 2883 (2)
784 2824 939 2867 Stunm.
974 2840 1075 2881 pay.
1115 2824 1204 2867 469
1268 2823 1312 2885 S.
1351 2824 1578 2867 430-134.

685 2886 749 2945 (3)
782 2886 938 2929 Summ.
974 2901 1076 2943 pay.
1115 2885 1205 2928 ‘169
1238 2886 1266 2945 S
1300 2885 1405 2930 427.

2555 970 2566 1003 z,
2543 735 2577 953 ,ινῖ-Ᾰρῑ-’,νξς-

2575 1300 2582 1308 ⁴
2572 848 2594 1281 ’ν’ὶὸῧ-ωξέ,ζὲψ;,ᾦὶ,ὲφε,4<,.-
2586 822 2590 838 ,,

2568 1478 2596 1677 -ἒν-ἶιν-ᾏῗχῒ-ζα-
2575 1459 2580 1465 ’
2578 1338 2592 1436 ...Ἀφεξ
