<?xml version="1.0" encoding="UTF-8"?>
<!DOCTYPE html PUBLIC "-//W3C//DTD XHTML 1.0 Transitional//EN"
    "http://www.w3.org/TR/xhtml1/DTD/xhtml1-transitional.dtd">
<html xmlns="http://www.w3.org/1999/xhtml" xml:lang="en" lang="en">
 <head>
  <title>
</title>
<meta http-equiv="Content-Type" content="text/html;charset=utf-8" />
  <meta name='ocr-system' content='tesseract 3.04.00' />
  <meta name='ocr-capabilities' content='ocr_page ocr_carea ocr_par ocr_line ocrx_word'/>
</head>
<body>
  <div class='ocr_page' id='page_1' title='image "./cihm_27111_0468.png"; bbox 0 0 2624 3568; ppageno 0'>
   <div class='ocr_carea' id='block_1_1' title="bbox 0 202 525 430">
    <p class='ocr_par' dir='ltr' id='par_1_1' title="bbox 0 202 525 430">
     <span class='ocr_line' id='line_1_1' title="bbox 0 202 525 367; baseline 0 0"><span class='ocrx_word' id='word_1_1' title='bbox 0 202 525 367; x_wconf 95' lang='lat' dir='ltr'><strong>   </strong></span> 
     </span>
     <span class='ocr_line' id='line_1_2' title="bbox 0 367 87 430; baseline 0 0"><span class='ocrx_word' id='word_1_2' title='bbox 0 367 87 430; x_wconf 95' lang='lat' dir='ltr'><strong>  </strong></span> 
     </span>
    </p>
   </div>
   <div class='ocr_carea' id='block_1_2' title="bbox 77 878 2314 1073">
    <p class='ocr_par' dir='ltr' id='par_1_2' title="bbox 77 878 2314 1073">
     <span class='ocr_line' id='line_1_3' title="bbox 77 878 2314 1073; baseline 0 -132"><span class='ocrx_word' id='word_1_3' title='bbox 77 878 2314 1073; x_wconf 95' lang='lat' dir='ltr'><strong>   </strong></span> <span class='ocrx_word' id='word_1_4' title='bbox 1500 878 2314 941; x_wconf 95' lang='lat' dir='ltr'><strong> </strong></span> 
     </span>
    </p>
   </div>
   <div class='ocr_carea' id='block_1_3' title="bbox 0 2840 2624 3568">
    <p class='ocr_par' dir='ltr' id='par_1_3' title="bbox 0 2840 2624 3568">
     <span class='ocr_line' id='line_1_4' title="bbox 0 2840 2624 3568; baseline 0 -604"><span class='ocrx_word' id='word_1_5' title='bbox 0 2840 2624 3568; x_wconf 95' lang='lat' dir='ltr'><strong>  </strong></span> <span class='ocrx_word' id='word_1_6' title='bbox 2043 2840 2624 2964; x_wconf 95' lang='lat' dir='ltr'><strong> </strong></span> 
     </span>
    </p>
   </div>
   <div class='ocr_carea' id='block_1_4' title="bbox 0 0 2310 262">
    <p class='ocr_par' dir='ltr' id='par_1_4' title="bbox 0 0 2310 262">
     <span class='ocr_line' id='line_1_5' title="bbox 0 0 2310 262; baseline 0 0"><span class='ocrx_word' id='word_1_7' title='bbox 0 0 2310 262; x_wconf 95' lang='lat' dir='ltr'><strong>  </strong></span> 
     </span>
    </p>
   </div>
   <div class='ocr_carea' id='block_1_5' title="bbox 522 298 2051 421">
    <p class='ocr_par' dir='ltr' id='par_1_5' title="bbox 522 298 2051 421">
     <span class='ocr_line' id='line_1_6' title="bbox 522 298 2047 404; baseline 0.005 -62"><span class='ocrx_word' id='word_1_8' title='bbox 522 298 691 343; x_wconf 88' lang='lat' dir='ltr'><strong>nonnisi</strong></span> <span class='ocrx_word' id='word_1_9' title='bbox 725 299 982 370; x_wconf 54' lang='lat'><strong>³“‘’³“‘¹‘’“.&#39;&#39;&#39;&#39;{‘</strong></span> <span class='ocrx_word' id='word_1_10' title='bbox 1008 298 1207 404; x_wconf 41' lang='lat' dir='ltr'><strong>probatio</strong></span> <span class='ocrx_word' id='word_1_11' title='bbox 1240 300 1446 371; x_wconf 78' lang='lat' dir='ltr'><strong>suppetit3</strong></span> <span class='ocrx_word' id='word_1_12' title='bbox 1484 315 1612 371; x_wconf 41' lang='lat' dir='ltr'><strong>qua-e..</strong></span> <span class='ocrx_word' id='word_1_13' title='bbox 1652 301 1770 346; x_wconf 85' lang='lat' dir='ltr'><strong>iuxta</strong></span> <span class='ocrx_word' id='word_1_14' title='bbox 1815 304 2047 349; x_wconf 84' lang='lat' dir='ltr'><strong>Decretum</strong></span> 
     </span>
     <span class='ocr_line' id='line_1_7' title="bbox 523 358 2051 421; baseline 0.003 -17"><span class='ocrx_word' id='word_1_15' title='bbox 523 373 586 405; x_wconf 82' lang='lat' dir='ltr'><strong>sa:</strong></span> <span class='ocrx_word' id='word_1_16' title='bbox 622 374 710 406; x_wconf 80' lang='lat' dir='ltr'><strong>me:</strong></span> <span class='ocrx_word' id='word_1_17' title='bbox 747 358 970 404; x_wconf 79' lang='lat' dir='ltr'><strong>Benedicti</strong></span> <span class='ocrx_word' id='word_1_18' title='bbox 1007 395 1017 402; x_wconf 92' lang='lat'><strong>.</strong></span> <span class='ocrx_word' id='word_1_19' title='bbox 1053 360 1106 403; x_wconf 80' lang='grc' dir='ltr'><em>Ν</em></span> <span class='ocrx_word' id='word_1_20' title='bbox 1131 359 1265 405; x_wconf 86' lang='lat' dir='ltr'><strong>latum</strong></span> <span class='ocrx_word' id='word_1_21' title='bbox 1290 361 1362 407; x_wconf 79' lang='lat' dir='ltr'><strong>die</strong></span> <span class='ocrx_word' id='word_1_22' title='bbox 1383 362 1442 406; x_wconf 78' lang='lat'><strong>23</strong></span> <span class='ocrx_word' id='word_1_23' title='bbox 1465 361 1626 421; x_wconf 77' lang='lat' dir='ltr'><strong>Aprilis</strong></span> <span class='ocrx_word' id='word_1_24' title='bbox 1649 361 1751 406; x_wconf 89' lang='lat' dir='ltr'><strong>anui</strong></span> <span class='ocrx_word' id='word_1_25' title='bbox 1778 363 1912 416; x_wconf 84' lang='grc'>1741,</span> <span class='ocrx_word' id='word_1_26' title='bbox 1942 380 2051 409; x_wconf 92' lang='lat' dir='ltr'><strong>non-</strong></span> 
     </span>
    </p>
   </div>
   <div class='ocr_carea' id='block_1_6' title="bbox 520 419 2050 723">
    <p class='ocr_par' dir='ltr' id='par_1_6' title="bbox 520 419 2050 723">
     <span class='ocr_line' id='line_1_8' title="bbox 525 419 2050 482; baseline 0.005 -19"><span class='ocrx_word' id='word_1_27' title='bbox 525 419 606 464; x_wconf 88' lang='lat' dir='ltr'><strong>nisi</strong></span> <span class='ocrx_word' id='word_1_28' title='bbox 641 437 690 465; x_wconf 66' lang='lat' dir='ltr'><strong>ex</strong></span> <span class='ocrx_word' id='word_1_29' title='bbox 722 420 899 480; x_wconf 80' lang='lat' dir='ltr'><strong>qaudam</strong></span> <span class='ocrx_word' id='word_1_30' title='bbox 932 422 1134 480; x_wconf 75' lang='lat' dir='ltr'><strong>acquitate</strong></span> <span class='ocrx_word' id='word_1_31' title='bbox 1167 421 1283 468; x_wconf 83' lang='lat' dir='ltr'><strong>hisce</strong></span> <span class='ocrx_word' id='word_1_32' title='bbox 1315 422 1357 466; x_wconf 89' lang='lat' dir='ltr'><strong>iu</strong></span> <span class='ocrx_word' id='word_1_33' title='bbox 1391 423 1527 467; x_wconf 80' lang='lat' dir='ltr'><strong>causis</strong></span> <span class='ocrx_word' id='word_1_34' title='bbox 1554 421 1815 475; x_wconf 70' lang='lat' dir='ltr'><strong>admittitur,</strong></span> <span class='ocrx_word' id='word_1_35' title='bbox 1840 443 1855 462; x_wconf 75' lang='grc' dir='ltr'>ι</span> <span class='ocrx_word' id='word_1_36' title='bbox 1885 425 2050 482; x_wconf 80' lang='lat' dir='ltr'><strong>quando</strong></span> 
     </span>
     <span class='ocr_line' id='line_1_9' title="bbox 525 481 2047 542; baseline 0.003 -18"><span class='ocrx_word' id='word_1_37' title='bbox 525 488 654 525; x_wconf 62' lang='lat' dir='ltr'><strong>tannen</strong></span> <span class='ocrx_word' id='word_1_38' title='bbox 687 497 764 525; x_wconf 81' lang='lat' dir='ltr'><strong>non</strong></span> <span class='ocrx_word' id='word_1_39' title='bbox 797 481 1028 525; x_wconf 72' lang='lat' dir='ltr'><strong>constiterit</strong></span> <span class='ocrx_word' id='word_1_40' title='bbox 1057 482 1217 539; x_wconf 75' lang='lat' dir='ltr'><strong>primos</strong></span> <span class='ocrx_word' id='word_1_41' title='bbox 1259 484 1504 527; x_wconf 77' lang='lat' dir='ltr'><strong>‹mecm-itate</strong></span> <span class='ocrx_word' id='word_1_42' title='bbox 1552 483 1792 527; x_wconf 54' lang='lat' dir='ltr'><strong>Ordinwia</strong></span> <span class='ocrx_word' id='word_1_43' title='bbox 1837 500 2047 542; x_wconf 72' lang='lat' dir='ltr'><em>processus</em></span> 
     </span>
     <span class='ocr_line' id='line_1_10' title="bbox 522 541 2045 602; baseline 0.004 -18"><span class='ocrx_word' id='word_1_44' title='bbox 522 541 650 601; x_wconf 76' lang='lat' dir='ltr'><strong>fuisse</strong></span> <span class='ocrx_word' id='word_1_45' title='bbox 688 541 785 585; x_wconf 79' lang='lat' dir='ltr'><strong>dolo</strong></span> <span class='ocrx_word' id='word_1_46' title='bbox 835 541 944 586; x_wconf 75' lang='lat' dir='ltr'><strong>nudo</strong></span> <span class='ocrx_word' id='word_1_47' title='bbox 992 551 1063 586; x_wconf 79' lang='lat' dir='ltr'><strong>ane</strong></span> <span class='ocrx_word' id='word_1_48' title='bbox 1116 543 1321 601; x_wconf 71' lang='lat' dir='ltr'><em>culpabili</em></span> <span class='ocrx_word' id='word_1_49' title='bbox 1368 544 1620 602; x_wconf 71' lang='lat' dir='ltr'><strong>neyliyentiu</strong></span> <span class='ocrx_word' id='word_1_50' title='bbox 1670 543 1831 588; x_wconf 68' lang='lat' dir='ltr'><strong>nundin</strong></span> <span class='ocrx_word' id='word_1_51' title='bbox 1874 544 2045 598; x_wconf 75' lang='lat' dir='ltr'><strong>dilatos,</strong></span> 
     </span>
     <span class='ocr_line' id='line_1_11' title="bbox 523 601 2050 663; baseline 0.006 -20"><span class='ocrx_word' id='word_1_52' title='bbox 523 601 646 645; x_wconf 42' lang='grc' dir='ltr'><strong>Νώρα</strong></span> <span class='ocrx_word' id='word_1_53' title='bbox 679 611 790 647; x_wconf 80' lang='lat' dir='ltr'><strong>testes</strong></span> <span class='ocrx_word' id='word_1_54' title='bbox 824 602 874 647; x_wconf 84' lang='lat' dir='ltr'><strong>de</strong></span> <span class='ocrx_word' id='word_1_55' title='bbox 910 604 995 647; x_wconf 76' lang='lat' dir='ltr'><strong>risu</strong></span> <span class='ocrx_word' id='word_1_56' title='bbox 1029 603 1139 647; x_wconf 77' lang='lat' dir='ltr'><strong>nulli</strong></span> <span class='ocrx_word' id='word_1_57' title='bbox 1170 613 1434 663; x_wconf 73' lang='lat' dir='ltr'><strong>superessent.</strong></span> <span class='ocrx_word' id='word_1_58' title='bbox 1480 627 1494 645; x_wconf 78' lang='grc' dir='ltr'>ι</span> <span class='ocrx_word' id='word_1_59' title='bbox 1534 605 1623 650; x_wconf 86' lang='lat' dir='ltr'><strong>Erit</strong></span> <span class='ocrx_word' id='word_1_60' title='bbox 1655 605 1823 650; x_wconf 82' lang='lat' dir='ltr'><strong>solertis</strong></span> <span class='ocrx_word' id='word_1_61' title='bbox 1871 606 2050 653; x_wconf 84' lang='lat' dir='ltr'><strong>Patroni</strong></span> 
     </span>
     <span class='ocr_line' id='line_1_12' title="bbox 520 662 2049 723; baseline 0.004 -17"><span class='ocrx_word' id='word_1_62' title='bbox 520 662 600 707; x_wconf 65' lang='lat' dir='ltr'><strong>hec</strong></span> <span class='ocrx_word' id='word_1_63' title='bbox 631 678 734 708; x_wconf 80' lang='lat' dir='ltr'><strong>sane</strong></span> <span class='ocrx_word' id='word_1_64' title='bbox 767 663 1065 722; x_wconf 75' lang='lat' dir='ltr'><strong>gravissimum</strong></span> <span class='ocrx_word' id='word_1_65' title='bbox 1102 665 1420 723; x_wconf 87' lang='lat' dir='ltr'><strong>praeiudicium</strong></span> <span class='ocrx_word' id='word_1_66' title='bbox 1454 684 1476 710; x_wconf 90' lang='lat' dir='ltr'><strong>a</strong></span> <span class='ocrx_word' id='word_1_67' title='bbox 1514 681 1641 711; x_wconf 83' lang='lat' dir='ltr'><strong>causa</strong></span> <span class='ocrx_word' id='word_1_68' title='bbox 1688 667 1875 719; x_wconf 62' lang='lat' dir='ltr'><strong>amelii-h</strong></span> <span class='ocrx_word' id='word_1_69' title='bbox 1915 668 2049 713; x_wconf 81' lang='lat' dir='ltr'><strong>nostri</strong></span> 
     </span>
    </p>
   </div>
   <div class='ocr_carea' id='block_1_7' title="bbox 521 722 2048 846">
    <p class='ocr_par' dir='ltr' id='par_1_7' title="bbox 521 722 2048 846">
     <span class='ocr_line' id='line_1_13' title="bbox 522 722 2048 786; baseline 0.005 -20"><span class='ocrx_word' id='word_1_70' title='bbox 522 722 696 769; x_wconf 77' lang='lat' dir='ltr'><strong>interim</strong></span> <span class='ocrx_word' id='word_1_71' title='bbox 730 725 923 769; x_wconf 86' lang='lat' dir='ltr'><strong>muneris</strong></span> <span class='ocrx_word' id='word_1_72' title='bbox 955 725 1136 785; x_wconf 82' lang='lat' dir='ltr'><strong>singula,</strong></span> <span class='ocrx_word' id='word_1_73' title='bbox 1163 742 1276 786; x_wconf 83' lang='lat' dir='ltr'><strong>qnae</strong></span> <span class='ocrx_word' id='word_1_74' title='bbox 1310 727 1362 771; x_wconf 86' lang='lat' dir='ltr'><strong>ad</strong></span> <span class='ocrx_word' id='word_1_75' title='bbox 1400 727 1478 772; x_wconf 79' lang='lat' dir='ltr'><strong>lioc</strong></span> <span class='ocrx_word' id='word_1_76' title='bbox 1510 726 1697 772; x_wconf 84' lang='lat' dir='ltr'><strong>dubium</strong></span> <span class='ocrx_word' id='word_1_77' title='bbox 1735 727 1972 786; x_wconf 87' lang='lat' dir='ltr'><strong>pertinent,</strong></span> <span class='ocrx_word' id='word_1_78' title='bbox 1995 743 2048 773; x_wconf 78' lang='lat' dir='ltr'><strong>ex</strong></span> 
     </span>
     <span class='ocr_line' id='line_1_14' title="bbox 521 781 944 846; baseline 0.007 -18"><span class='ocrx_word' id='word_1_79' title='bbox 521 781 675 830; x_wconf 83' lang='lat' dir='ltr'>ordine</span> <span class='ocrx_word' id='word_1_80' title='bbox 708 800 944 846; x_wconf 75' lang='lat' dir='ltr'><strong>exponere.</strong></span> 
     </span>
    </p>
   </div>
   <div class='ocr_carea' id='block_1_8' title="bbox 1032 874 1542 1046">
    <p class='ocr_par' dir='ltr' id='par_1_8' title="bbox 1032 874 1542 1046">
     <span class='ocr_line' id='line_1_15' title="bbox 1072 874 1500 919; baseline 0.005 -2"><span class='ocrx_word' id='word_1_81' title='bbox 1072 874 1256 918; x_wconf 68' lang='lat' dir='ltr'><strong>CAPUT</strong></span> <span class='ocrx_word' id='word_1_82' title='bbox 1290 875 1500 919; x_wconf 76' lang='lat' dir='ltr'><strong>PlthUM</strong></span> 
     </span>
     <span class='ocr_line' id='line_1_16' title="bbox 1032 981 1542 1046; baseline 0 -13"><span class='ocrx_word' id='word_1_83' title='bbox 1032 981 1111 1033; x_wconf 89' lang='lat' dir='ltr'><strong>De</strong></span> <span class='ocrx_word' id='word_1_84' title='bbox 1143 981 1542 1046; x_wconf 74' lang='lat' dir='ltr'><em>probationibus</em></span> 
     </span>
    </p>
   </div>
   <div class='ocr_carea' id='block_1_9' title="bbox 512 1103 2055 2933">
    <p class='ocr_par' dir='ltr' id='par_1_9' title="bbox 512 1103 2052 2138">
     <span class='ocr_line' id='line_1_17' title="bbox 640 1103 2046 1163; baseline 0.001 -17"><span class='ocrx_word' id='word_1_85' title='bbox 640 1104 685 1146; x_wconf 83' lang='lat'><strong>2.</strong></span> <span class='ocrx_word' id='word_1_86' title='bbox 725 1104 868 1147; x_wconf 83' lang='lat' dir='ltr'><strong>l’rima</strong></span> <span class='ocrx_word' id='word_1_87' title='bbox 904 1103 1039 1148; x_wconf 86' lang='lat' dir='ltr'><strong>fronte</strong></span> <span class='ocrx_word' id='word_1_88' title='bbox 1073 1103 1329 1148; x_wconf 84' lang='lat' dir='ltr'><strong>documenta</strong></span> <span class='ocrx_word' id='word_1_89' title='bbox 1378 1104 1538 1148; x_wconf 90' lang='lat' dir='ltr'><strong>nedum</strong></span> <span class='ocrx_word' id='word_1_90' title='bbox 1588 1112 1838 1163; x_wconf 74' lang='lat' dir='ltr'><strong>suppetere,</strong></span> <span class='ocrx_word' id='word_1_91' title='bbox 1883 1103 1959 1146; x_wconf 88' lang='lat' dir='ltr'><strong>sed</strong></span> <span class='ocrx_word' id='word_1_92' title='bbox 2004 1112 2046 1148; x_wconf 89' lang='lat' dir='ltr'><strong>et</strong></span> 
     </span>
     <span class='ocr_line' id='line_1_18' title="bbox 518 1163 2050 1223; baseline 0.001 -15"><span class='ocrx_word' id='word_1_93' title='bbox 518 1163 878 1223; x_wconf 76' lang='lat' dir='ltr'><strong>superabundare</strong></span> <span class='ocrx_word' id='word_1_94' title='bbox 910 1164 1083 1209; x_wconf 86' lang='lat' dir='ltr'><strong>dixeris.</strong></span> <span class='ocrx_word' id='word_1_95' title='bbox 1120 1166 1225 1208; x_wconf 82' lang='lat' dir='ltr'><strong>Tres</strong></span> <span class='ocrx_word' id='word_1_96' title='bbox 1270 1179 1461 1223; x_wconf 89' lang='lat' dir='ltr'><strong>namque</strong></span> <span class='ocrx_word' id='word_1_97' title='bbox 1508 1164 1776 1209; x_wconf 78' lang='lat' dir='ltr'><strong>exhibentur</strong></span> <span class='ocrx_word' id='word_1_98' title='bbox 1824 1165 2050 1209; x_wconf 75' lang='lat' dir='ltr'><strong>processus</strong></span> 
     </span>
     <span class='ocr_line' id='line_1_19' title="bbox 517 1224 2048 1282; baseline 0 -13"><span class='ocrx_word' id='word_1_99' title='bbox 517 1224 749 1269; x_wconf 84' lang='lat' dir='ltr'><strong>Ordinaria</strong></span> <span class='ocrx_word' id='word_1_100' title='bbox 785 1225 1039 1270; x_wconf 87' lang='lat' dir='ltr'><strong>auctoritate</strong></span> <span class='ocrx_word' id='word_1_101' title='bbox 1075 1227 1114 1269; x_wconf 90' lang='lat' dir='ltr'><strong>in</strong></span> <span class='ocrx_word' id='word_1_102' title='bbox 1149 1225 1421 1282; x_wconf 75' lang='lat' dir='ltr'><strong>Quebccensi</strong></span> <span class='ocrx_word' id='word_1_103' title='bbox 1455 1226 1584 1270; x_wconf 86' lang='lat' dir='ltr'><strong>Curia</strong></span> <span class='ocrx_word' id='word_1_104' title='bbox 1633 1225 1832 1270; x_wconf 82' lang='lat' dir='ltr'><strong>consecti:</strong></span> <span class='ocrx_word' id='word_1_105' title='bbox 1879 1226 2048 1282; x_wconf 85' lang='lat' dir='ltr'><strong>primus</strong></span> 
     </span>
     <span class='ocr_line' id='line_1_20' title="bbox 517 1285 2047 1345; baseline 0 -16"><span class='ocrx_word' id='word_1_106' title='bbox 517 1301 632 1330; x_wconf 85' lang='lat' dir='ltr'><strong>anno</strong></span> <span class='ocrx_word' id='word_1_107' title='bbox 687 1286 821 1337; x_wconf 83' lang='grc'>1867,</span> <span class='ocrx_word' id='word_1_108' title='bbox 875 1285 984 1330; x_wconf 89' lang='lat' dir='ltr'><strong>alter</strong></span> <span class='ocrx_word' id='word_1_109' title='bbox 1032 1286 1156 1330; x_wconf 87' lang='lat' dir='ltr'><strong>annis</strong></span> <span class='ocrx_word' id='word_1_110' title='bbox 1191 1287 1311 1330; x_wconf 87' lang='grc'>1870</span> <span class='ocrx_word' id='word_1_111' title='bbox 1364 1294 1406 1330; x_wconf 85' lang='lat' dir='ltr'><strong>et</strong></span> <span class='ocrx_word' id='word_1_112' title='bbox 1456 1287 1593 1339; x_wconf 88' lang='grc'>1871,</span> <span class='ocrx_word' id='word_1_113' title='bbox 1647 1286 1836 1345; x_wconf 80' lang='lat' dir='ltr'><strong>(lenique</strong></span> <span class='ocrx_word' id='word_1_114' title='bbox 1891 1285 2047 1330; x_wconf 88' lang='lat' dir='ltr'><strong>tertius</strong></span> 
     </span>
     <span class='ocr_line' id='line_1_21' title="bbox 516 1346 2052 1405; baseline 0 -15"><span class='ocrx_word' id='word_1_115' title='bbox 516 1346 640 1391; x_wconf 84' lang='lat' dir='ltr'><strong>annis</strong></span> <span class='ocrx_word' id='word_1_116' title='bbox 674 1347 792 1390; x_wconf 90' lang='grc'>1874</span> <span class='ocrx_word' id='word_1_117' title='bbox 823 1356 866 1391; x_wconf 87' lang='lat' dir='ltr'><strong>et</strong></span> <span class='ocrx_word' id='word_1_118' title='bbox 901 1347 1035 1391; x_wconf 82' lang='grc'>1875.</span> <span class='ocrx_word' id='word_1_119' title='bbox 1074 1347 1158 1394; x_wconf 92' lang='lat' dir='ltr'><strong>Sed</strong></span> <span class='ocrx_word' id='word_1_120' title='bbox 1192 1346 1541 1392; x_wconf 87' lang='lat' dir='ltr'><strong>animadvertere</strong></span> <span class='ocrx_word' id='word_1_121' title='bbox 1575 1348 1618 1391; x_wconf 92' lang='lat' dir='ltr'><strong>in</strong></span> <span class='ocrx_word' id='word_1_122' title='bbox 1657 1347 1809 1405; x_wconf 87' lang='lat' dir='ltr'><strong>primis</strong></span> <span class='ocrx_word' id='word_1_123' title='bbox 1841 1354 1919 1397; x_wconf 86' lang='lat' dir='ltr'><strong>est,</strong></span> <span class='ocrx_word' id='word_1_124' title='bbox 1946 1347 2052 1391; x_wconf 86' lang='lat' dir='ltr'><strong>Ser-</strong></span> 
     </span>
     <span class='ocr_line' id='line_1_22' title="bbox 513 1407 2045 1468; baseline 0.001 -18"><span class='ocrx_word' id='word_1_125' title='bbox 513 1422 615 1452; x_wconf 82' lang='lat' dir='ltr'><strong>vam</strong></span> <span class='ocrx_word' id='word_1_126' title='bbox 638 1407 720 1451; x_wconf 91' lang='lat' dir='ltr'><strong>Dei</strong></span> <span class='ocrx_word' id='word_1_127' title='bbox 745 1407 787 1451; x_wconf 91' lang='lat' dir='ltr'><strong>in</strong></span> <span class='ocrx_word' id='word_1_128' title='bbox 805 1407 1101 1453; x_wconf 84' lang='lat' dir='ltr'><strong>Canadensem</strong></span> <span class='ocrx_word' id='word_1_129' title='bbox 1122 1408 1339 1468; x_wconf 75' lang='lat' dir='ltr'><strong>regionem</strong></span> <span class='ocrx_word' id='word_1_130' title='bbox 1363 1408 1598 1467; x_wconf 80' lang='lat' dir='ltr'><strong>profectam</strong></span> <span class='ocrx_word' id='word_1_131' title='bbox 1618 1408 1745 1453; x_wconf 83' lang='lat' dir='ltr'><strong>l&#39;uisse</strong></span> <span class='ocrx_word' id='word_1_132' title='bbox 1763 1423 1877 1452; x_wconf 58' lang='lat' dir='ltr'><strong>:inito</strong></span> <span class='ocrx_word' id='word_1_133' title='bbox 1897 1407 2019 1451; x_wconf 86' lang='grc'>1639</span> <span class='ocrx_word' id='word_1_134' title='bbox 2034 1441 2045 1452; x_wconf 98' lang='grc'>.</span> 
     </span>
     <span class='ocr_line' id='line_1_23' title="bbox 512 1468 2047 1529; baseline -0.001 -16"><span class='ocrx_word' id='word_1_135' title='bbox 512 1484 618 1513; x_wconf 75' lang='lat' dir='ltr'><strong>suae</strong></span> <span class='ocrx_word' id='word_1_136' title='bbox 671 1468 784 1514; x_wconf 83' lang='lat' dir='ltr'><strong>vitae</strong></span> <span class='ocrx_word' id='word_1_137' title='bbox 836 1468 1166 1529; x_wconf 76' lang='lat' dir='ltr'><strong>quadragesimo</strong></span> <span class='ocrx_word' id='word_1_138' title='bbox 1214 1469 1401 1527; x_wconf 85' lang='lat' dir='ltr'><strong>(Summ.</strong></span> <span class='ocrx_word' id='word_1_139' title='bbox 1455 1485 1553 1528; x_wconf 75' lang='lat' dir='ltr'><strong>pag.</strong></span> <span class='ocrx_word' id='word_1_140' title='bbox 1601 1469 1661 1512; x_wconf 91' lang='grc'><strong>46</strong></span> <span class='ocrx_word' id='word_1_141' title='bbox 1708 1469 1752 1529; x_wconf 78' lang='lat' dir='ltr'><strong>S.</strong></span> <span class='ocrx_word' id='word_1_142' title='bbox 1795 1469 1899 1512; x_wconf 81' lang='grc'>144.</span> <span class='ocrx_word' id='word_1_143' title='bbox 1935 1471 2047 1527; x_wconf 90' lang='lat' dir='ltr'><strong>etc.)</strong></span> 
     </span>
     <span class='ocr_line' id='line_1_24' title="bbox 514 1529 2044 1588; baseline -0.001 -14"><span class='ocrx_word' id='word_1_144' title='bbox 514 1529 866 1575; x_wconf 78' lang='lat' dir='ltr'><strong>Adolescentiam</strong></span> <span class='ocrx_word' id='word_1_145' title='bbox 910 1530 1068 1576; x_wconf 86' lang='lat' dir='ltr'><strong>seilicet</strong></span> <span class='ocrx_word' id='word_1_146' title='bbox 1115 1546 1163 1575; x_wconf 87' lang='lat' dir='ltr'><strong>ac</strong></span> <span class='ocrx_word' id='word_1_147' title='bbox 1204 1531 1476 1575; x_wconf 89' lang='lat' dir='ltr'><strong>iuventutem</strong></span> <span class='ocrx_word' id='word_1_148' title='bbox 1525 1530 1711 1574; x_wconf 80' lang='lat' dir='ltr'><strong>Turonis</strong></span> <span class='ocrx_word' id='word_1_149' title='bbox 1756 1537 2044 1588; x_wconf 56' lang='lat' dir='ltr'><strong>transegeram</strong></span> 
     </span>
     <span class='ocr_line' id='line_1_25' title="bbox 515 1589 2045 1650; baseline 0 -16"><span class='ocrx_word' id='word_1_150' title='bbox 515 1590 577 1635; x_wconf 88' lang='lat' dir='ltr'><strong>ibi</strong></span> <span class='ocrx_word' id='word_1_151' title='bbox 610 1591 808 1650; x_wconf 82' lang='lat' dir='ltr'><strong>coniugio</strong></span> <span class='ocrx_word' id='word_1_152' title='bbox 841 1592 1061 1650; x_wconf 87' lang='lat' dir='ltr'><strong>copulata,</strong></span> <span class='ocrx_word' id='word_1_153' title='bbox 1100 1591 1159 1636; x_wconf 90' lang='lat' dir='ltr'><strong>ibi</strong></span> <span class='ocrx_word' id='word_1_154' title='bbox 1193 1592 1372 1636; x_wconf 86' lang='lat' dir='ltr'><strong>viduata</strong></span> <span class='ocrx_word' id='word_1_155' title='bbox 1404 1591 1496 1636; x_wconf 87' lang='lat' dir='ltr'><strong>viro</strong></span> <span class='ocrx_word' id='word_1_156' title='bbox 1531 1591 1684 1642; x_wconf 83' lang='lat' dir='ltr'><strong>luerat,</strong></span> <span class='ocrx_word' id='word_1_157' title='bbox 1712 1591 1773 1636; x_wconf 90' lang='lat' dir='ltr'><strong>ibi</strong></span> <span class='ocrx_word' id='word_1_158' title='bbox 1799 1589 1853 1635; x_wconf 82' lang='lat' dir='ltr'><strong>ad</strong></span> <span class='ocrx_word' id='word_1_159' title='bbox 1885 1605 2045 1634; x_wconf 86' lang='lat' dir='ltr'><strong>novem</strong></span> 
     </span>
     <span class='ocr_line' id='line_1_26' title="bbox 517 1651 2050 1708; baseline -0.001 -12"><span class='ocrx_word' id='word_1_160' title='bbox 517 1667 653 1696; x_wconf 86' lang='lat' dir='ltr'><strong>annos</strong></span> <span class='ocrx_word' id='word_1_161' title='bbox 687 1653 797 1696; x_wconf 86' lang='lat' dir='ltr'><strong>inter</strong></span> <span class='ocrx_word' id='word_1_162' title='bbox 829 1653 1051 1696; x_wconf 86' lang='lat' dir='ltr'><strong>Ursulinas</strong></span> <span class='ocrx_word' id='word_1_163' title='bbox 1083 1662 1362 1697; x_wconf 81' lang='lat' dir='ltr'><strong>commorata.</strong></span> <span class='ocrx_word' id='word_1_164' title='bbox 1400 1654 1492 1697; x_wconf 83' lang='lat' dir='ltr'><strong>Nou</strong></span> <span class='ocrx_word' id='word_1_165' title='bbox 1527 1653 1594 1697; x_wconf 71' lang='lat' dir='ltr'><strong>ita¹</strong></span> <span class='ocrx_word' id='word_1_166' title='bbox 1655 1668 1676 1695; x_wconf 84' lang='lat' dir='ltr'><strong>c.</strong></span> <span class='ocrx_word' id='word_1_167' title='bbox 1710 1651 1905 1708; x_wconf 85' lang='lat' dir='ltr'><strong>Quebeci</strong></span> <span class='ocrx_word' id='word_1_168' title='bbox 1954 1658 2050 1695; x_wconf 88' lang='lat' dir='ltr'><strong>tan-</strong></span> 
     </span>
     <span class='ocr_line' id='line_1_27' title="bbox 518 1712 2048 1772; baseline -0.001 -16"><span class='ocrx_word' id='word_1_169' title='bbox 518 1720 627 1764; x_wconf 91' lang='lat' dir='ltr'><strong>tum,</strong></span> <span class='ocrx_word' id='word_1_170' title='bbox 664 1712 739 1756; x_wconf 83' lang='lat' dir='ltr'><strong>sed</strong></span> <span class='ocrx_word' id='word_1_171' title='bbox 772 1713 904 1758; x_wconf 85' lang='lat' dir='ltr'><strong>etiam</strong></span> <span class='ocrx_word' id='word_1_172' title='bbox 939 1714 1122 1758; x_wconf 81' lang='lat' dir='ltr'><strong>Turonis</strong></span> <span class='ocrx_word' id='word_1_173' title='bbox 1157 1714 1420 1759; x_wconf 84' lang='lat' dir='ltr'><strong>instituenda</strong></span> <span class='ocrx_word' id='word_1_174' title='bbox 1443 1715 1687 1772; x_wconf 57' lang='lat' dir='ltr'><strong>laquis-uo.</strong></span> <span class='ocrx_word' id='word_1_175' title='bbox 1715 1712 1877 1756; x_wconf 87' lang='lat' dir='ltr'><strong>ldeirco</strong></span> <span class='ocrx_word' id='word_1_176' title='bbox 1911 1712 2048 1763; x_wconf 80' lang='lat' dir='ltr'><strong>enim,</strong></span> 
     </span>
     <span class='ocr_line' id='line_1_28' title="bbox 515 1773 2049 1832; baseline 0 -15"><span class='ocrx_word' id='word_1_177' title='bbox 515 1774 657 1832; x_wconf 89' lang='lat' dir='ltr'><strong>prouti</strong></span> <span class='ocrx_word' id='word_1_178' title='bbox 694 1774 998 1819; x_wconf 84' lang='lat' dir='ltr'><strong>animadvertit</strong></span> <span class='ocrx_word' id='word_1_179' title='bbox 1042 1774 1302 1819; x_wconf 75' lang='lat' dir='ltr'><strong>Benedictus</strong></span> <span class='ocrx_word' id='word_1_180' title='bbox 1343 1776 1461 1826; x_wconf 83' lang='lat' dir='ltr'><strong>xlv,</strong></span> <span class='ocrx_word' id='word_1_181' title='bbox 1511 1776 1552 1819; x_wconf 92' lang='lat' dir='ltr'><strong>in</strong></span> <span class='ocrx_word' id='word_1_182' title='bbox 1603 1773 1949 1832; x_wconf 74' lang='lat' dir='ltr'><strong>interrogatoriis</strong></span> <span class='ocrx_word' id='word_1_183' title='bbox 1996 1773 2049 1817; x_wconf 83' lang='lat' dir='ltr'><strong>ad</strong></span> 
     </span>
     <span class='ocr_line' id='line_1_29' title="bbox 515 1834 2050 1895; baseline -0.001 -18"><span class='ocrx_word' id='word_1_184' title='bbox 515 1849 665 1878; x_wconf 84' lang='lat' dir='ltr'><strong>veram</strong></span> <span class='ocrx_word' id='word_1_185' title='bbox 699 1834 857 1880; x_wconf 80' lang='lat' dir='ltr'><strong>famam</strong></span> <span class='ocrx_word' id='word_1_186' title='bbox 892 1835 1230 1894; x_wconf 78' lang='lat' dir='ltr'><strong>dignoscendam</strong></span> <span class='ocrx_word' id='word_1_187' title='bbox 1267 1836 1498 1895; x_wconf 76' lang='lat' dir='ltr'><strong>inquiritur</strong></span> <span class='ocrx_word' id='word_1_188' title='bbox 1535 1857 1550 1874; x_wconf 78' lang='grc' dir='ltr'>ι</span> <span class='ocrx_word' id='word_1_189' title='bbox 1591 1852 1644 1879; x_wconf 83' lang='lat' dir='ltr'><strong>an</strong></span> <span class='ocrx_word' id='word_1_190' title='bbox 1668 1834 1907 1879; x_wconf 72' lang='lat' dir='ltr'><strong>lmimmodi</strong></span> <span class='ocrx_word' id='word_1_191' title='bbox 1930 1834 2050 1894; x_wconf 80' lang='lat' dir='ltr'><strong>fama</strong></span> 
     </span>
     <span class='ocr_line' id='line_1_30' title="bbox 514 1895 2049 1953; baseline -0.001 -15"><span class='ocrx_word' id='word_1_192' title='bbox 514 1896 699 1953; x_wconf 70' lang='lat' dir='ltr'><strong>viyuerae‘t</strong></span> <span class='ocrx_word' id='word_1_193' title='bbox 747 1911 826 1939; x_wconf 78' lang='lat' dir='ltr'><strong>non</strong></span> <span class='ocrx_word' id='word_1_194' title='bbox 874 1895 1005 1940; x_wconf 78' lang='lat' dir='ltr'><strong>solum</strong></span> <span class='ocrx_word' id='word_1_195' title='bbox 1055 1898 1098 1940; x_wconf 75' lang='lat' dir='ltr'><strong>in</strong></span> <span class='ocrx_word' id='word_1_196' title='bbox 1149 1897 1235 1939; x_wconf 84' lang='lat' dir='ltr'><strong>loco</strong></span> <span class='ocrx_word' id='word_1_197' title='bbox 1284 1897 1353 1940; x_wconf 73' lang='lat' dir='ltr'><strong>aba·</strong></span> <span class='ocrx_word' id='word_1_198' title='bbox 1397 1896 1531 1940; x_wconf 78' lang='lat' dir='ltr'><strong>diceus</strong></span> <span class='ocrx_word' id='word_1_199' title='bbox 1563 1897 1607 1940; x_wconf 90' lang='lat' dir='ltr'><strong>S.</strong></span> <span class='ocrx_word' id='word_1_200' title='bbox 1647 1898 1701 1941; x_wconf 91' lang='lat' dir='ltr'><strong>D.</strong></span> <span class='ocrx_word' id='word_1_201' title='bbox 1744 1896 1787 1940; x_wconf 93' lang='lat' dir='ltr'><em>V</em></span> <span class='ocrx_word' id='word_1_202' title='bbox 1789 1895 1931 1942; x_wconf 82' lang='lat' dir='ltr'><em>IXIT,</em></span> <span class='ocrx_word' id='word_1_203' title='bbox 1984 1895 2049 1937; x_wconf 80' lang='lat' dir='ltr'><strong>vel</strong></span> 
     </span>
     <span class='ocr_line' id='line_1_31' title="bbox 515 1957 2048 2017; baseline 0 -19"><span class='ocrx_word' id='word_1_204' title='bbox 515 1965 700 2000; x_wconf 78' lang='lat' dir='ltr'><strong>mortum</strong></span> <span class='ocrx_word' id='word_1_205' title='bbox 733 1957 832 2015; x_wconf 68' lang='lat' dir='ltr'><strong>sitit,</strong></span> <span class='ocrx_word' id='word_1_206' title='bbox 871 1957 941 2000; x_wconf 79' lang='lat' dir='ltr'><strong>sed</strong></span> <span class='ocrx_word' id='word_1_207' title='bbox 974 1958 1097 2002; x_wconf 74' lang='lat' dir='ltr'><strong>etiam</strong></span> <span class='ocrx_word' id='word_1_208' title='bbox 1133 1959 1173 2001; x_wconf 77' lang='lat' dir='ltr'><strong>in</strong></span> <span class='ocrx_word' id='word_1_209' title='bbox 1209 1958 1308 2000; x_wconf 76' lang='lat' dir='ltr'><strong>aliis</strong></span> <span class='ocrx_word' id='word_1_210' title='bbox 1343 1958 1458 2005; x_wconf 76' lang='lat' dir='ltr'><strong>lcce’s,</strong></span> <span class='ocrx_word' id='word_1_211' title='bbox 1495 1967 1530 2001; x_wconf 81' lang='lat' dir='ltr'><strong>et</strong></span> <span class='ocrx_word' id='word_1_212' title='bbox 1580 1958 1624 2000; x_wconf 80' lang='lat' dir='ltr'><strong>in</strong></span> <span class='ocrx_word' id='word_1_213' title='bbox 1662 1957 1806 2017; x_wconf 77' lang='lat' dir='ltr'><strong>quilms</strong></span> <span class='ocrx_word' id='word_1_214' title='bbox 1841 1957 1967 2016; x_wconf 79' lang='lat' dir='ltr'><strong>(Lib.</strong></span> <span class='ocrx_word' id='word_1_215' title='bbox 2012 1957 2048 1998; x_wconf 88' lang='grc'><strong>11</strong></span> 
     </span>
     <span class='ocr_line' id='line_1_32' title="bbox 515 2017 2052 2078; baseline 0.001 -18"><span class='ocrx_word' id='word_1_216' title='bbox 515 2031 552 2060; x_wconf 87' lang='lat' dir='ltr'><strong>e.</strong></span> <span class='ocrx_word' id='word_1_217' title='bbox 581 2018 639 2060; x_wconf 87' lang='lat'><strong>39</strong></span> <span class='ocrx_word' id='word_1_218' title='bbox 674 2033 717 2061; x_wconf 93' lang='lat' dir='ltr'><strong>n.</strong></span> <span class='ocrx_word' id='word_1_219' title='bbox 746 2018 839 2076; x_wconf 88' lang='grc'>10).</span> <span class='ocrx_word' id='word_1_220' title='bbox 879 2019 1012 2062; x_wconf 89' lang='lat' dir='ltr'><strong>Porro</strong></span> <span class='ocrx_word' id='word_1_221' title='bbox 1046 2019 1102 2063; x_wconf 87' lang='lat' dir='ltr'><strong>de</strong></span> <span class='ocrx_word' id='word_1_222' title='bbox 1136 2019 1299 2078; x_wconf 85' lang='lat' dir='ltr'><strong>quibus</strong></span> <span class='ocrx_word' id='word_1_223' title='bbox 1332 2018 1423 2063; x_wconf 81' lang='lat' dir='ltr'><strong>aliis</strong></span> <span class='ocrx_word' id='word_1_224' title='bbox 1459 2019 1557 2062; x_wconf 83' lang='lat' dir='ltr'><strong>locis</strong></span> <span class='ocrx_word' id='word_1_225' title='bbox 1591 2019 1831 2077; x_wconf 69' lang='lat' dir='ltr'><strong>(praei-itur,</strong></span> <span class='ocrx_word' id='word_1_226' title='bbox 1880 2018 1959 2061; x_wconf 91' lang='lat' dir='ltr'><strong>nisi</strong></span> <span class='ocrx_word' id='word_1_227' title='bbox 1996 2017 2052 2061; x_wconf 91' lang='lat' dir='ltr'><strong>de</strong></span> 
     </span>
     <span class='ocr_line' id='line_1_33' title="bbox 516 2077 1853 2138; baseline 0 -17"><span class='ocrx_word' id='word_1_228' title='bbox 516 2077 568 2122; x_wconf 88' lang='lat' dir='ltr'><strong>iis</strong></span> <span class='ocrx_word' id='word_1_229' title='bbox 602 2094 703 2137; x_wconf 89' lang='lat' dir='ltr'><strong>prae</strong></span> <span class='ocrx_word' id='word_1_230' title='bbox 737 2081 891 2123; x_wconf 80' lang='lat' dir='ltr'><strong>ceteris</strong></span> <span class='ocrx_word' id='word_1_231' title='bbox 925 2080 998 2123; x_wconf 88' lang='lat' dir='ltr'><strong>ubi</strong></span> <span class='ocrx_word' id='word_1_232' title='bbox 1035 2080 1304 2137; x_wconf 82' lang='lat' dir='ltr'><strong>potissimum</strong></span> <span class='ocrx_word' id='word_1_233' title='bbox 1340 2079 1419 2123; x_wconf 87' lang='lat' dir='ltr'><strong>Dei</strong></span> <span class='ocrx_word' id='word_1_234' title='bbox 1452 2081 1575 2123; x_wconf 85' lang='lat' dir='ltr'><strong>Servi</strong></span> <span class='ocrx_word' id='word_1_235' title='bbox 1612 2079 1853 2138; x_wconf 71' lang='lat' dir='ltr'><strong>degerunt?</strong></span> 
     </span>
    </p>

    <p class='ocr_par' dir='ltr' id='par_1_10' title="bbox 513 2138 2055 2933">
     <span class='ocr_line' id='line_1_34' title="bbox 638 2138 2046 2198; baseline -0.002 -15"><span class='ocrx_word' id='word_1_236' title='bbox 638 2141 682 2183; x_wconf 83' lang='lat'><strong>3.</strong></span> <span class='ocrx_word' id='word_1_237' title='bbox 723 2141 946 2184; x_wconf 80' lang='lat' dir='ltr'><strong>Praeterea</strong></span> <span class='ocrx_word' id='word_1_238' title='bbox 980 2156 1077 2184; x_wconf 91' lang='lat' dir='ltr'><strong>eum</strong></span> <span class='ocrx_word' id='word_1_239' title='bbox 1102 2141 1158 2185; x_wconf 88' lang='lat' dir='ltr'><strong>de</strong></span> <span class='ocrx_word' id='word_1_240' title='bbox 1180 2140 1435 2184; x_wconf 69' lang='lat' dir='ltr'><strong>subsidiaria</strong></span> <span class='ocrx_word' id='word_1_241' title='bbox 1455 2139 1699 2198; x_wconf 78' lang='lat' dir='ltr'><strong>probatione</strong></span> <span class='ocrx_word' id='word_1_242' title='bbox 1722 2148 1889 2197; x_wconf 80' lang='lat' dir='ltr'><strong>agatur,</strong></span> <span class='ocrx_word' id='word_1_243' title='bbox 1918 2138 2046 2181; x_wconf 83' lang='lat' dir='ltr'><strong>histo-</strong></span> 
     </span>
     <span class='ocr_line' id='line_1_35' title="bbox 517 2200 2047 2258; baseline -0.002 -14"><span class='ocrx_word' id='word_1_244' title='bbox 517 2200 604 2244; x_wconf 85' lang='lat' dir='ltr'><strong>rica</strong></span> <span class='ocrx_word' id='word_1_245' title='bbox 636 2200 897 2245; x_wconf 86' lang='lat' dir='ltr'><strong>documenta</strong></span> <span class='ocrx_word' id='word_1_246' title='bbox 934 2201 1111 2245; x_wconf 80' lang='lat' dir='ltr'><strong>fuissent</strong></span> <span class='ocrx_word' id='word_1_247' title='bbox 1150 2201 1299 2246; x_wconf 84' lang='lat' dir='ltr'><strong>sedulo</strong></span> <span class='ocrx_word' id='word_1_248' title='bbox 1334 2200 1574 2258; x_wconf 71' lang='lat' dir='ltr'><strong>colligenda</strong></span> <span class='ocrx_word' id='word_1_249' title='bbox 1608 2210 1650 2244; x_wconf 87' lang='lat' dir='ltr'><strong>et</strong></span> <span class='ocrx_word' id='word_1_250' title='bbox 1684 2218 1732 2245; x_wconf 85' lang='lat' dir='ltr'><strong>ea</strong></span> <span class='ocrx_word' id='word_1_251' title='bbox 1769 2200 2047 2258; x_wconf 84' lang='lat' dir='ltr'><strong>praesertim,</strong></span> 
     </span>
     <span class='ocr_line' id='line_1_36' title="bbox 515 2260 2048 2321; baseline -0.001 -17"><span class='ocrx_word' id='word_1_252' title='bbox 515 2260 570 2305; x_wconf 85' lang='lat' dir='ltr'><strong>ad</strong></span> <span class='ocrx_word' id='word_1_253' title='bbox 605 2276 715 2320; x_wconf 85' lang='lat' dir='ltr'><strong>quae</strong></span> <span class='ocrx_word' id='word_1_254' title='bbox 750 2263 905 2321; x_wconf 80' lang='lat' dir='ltr'><strong>passim</strong></span> <span class='ocrx_word' id='word_1_255' title='bbox 943 2270 1083 2314; x_wconf 80' lang='lat' dir='ltr'><strong>testes,</strong></span> <span class='ocrx_word' id='word_1_256' title='bbox 1123 2263 1182 2306; x_wconf 90' lang='lat' dir='ltr'><strong>uti</strong></span> <span class='ocrx_word' id='word_1_257' title='bbox 1218 2263 1273 2306; x_wconf 86' lang='lat' dir='ltr'><strong>ad</strong></span> <span class='ocrx_word' id='word_1_258' title='bbox 1305 2264 1508 2306; x_wconf 81' lang='lat' dir='ltr'><strong>scientiae</strong></span> <span class='ocrx_word' id='word_1_259' title='bbox 1540 2277 1643 2306; x_wconf 89' lang='lat' dir='ltr'><strong>suae</strong></span> <span class='ocrx_word' id='word_1_260' title='bbox 1674 2277 1864 2310; x_wconf 83' lang='lat' dir='ltr'><strong>causam,</strong></span> <span class='ocrx_word' id='word_1_261' title='bbox 1893 2275 2048 2318; x_wconf 88' lang='lat' dir='ltr'><strong>provo-</strong></span> 
     </span>
     <span class='ocr_line' id='line_1_37' title="bbox 515 2320 2053 2382; baseline -0.001 -17"><span class='ocrx_word' id='word_1_262' title='bbox 515 2330 632 2365; x_wconf 84' lang='lat' dir='ltr'><strong>cant.</strong></span> <span class='ocrx_word' id='word_1_263' title='bbox 663 2343 679 2362; x_wconf 74' lang='grc' dir='ltr'>ι</span> <span class='ocrx_word' id='word_1_264' title='bbox 709 2325 764 2369; x_wconf 87' lang='lat' dir='ltr'><strong>So</strong></span> <span class='ocrx_word' id='word_1_265' title='bbox 797 2324 873 2367; x_wconf 82' lang='lat' dir='ltr'><strong>elie</strong></span> <span class='ocrx_word' id='word_1_266' title='bbox 909 2323 1032 2367; x_wconf 83' lang='lat' dir='ltr'><strong>esiste</strong></span> <span class='ocrx_word' id='word_1_267' title='bbox 1069 2340 1123 2368; x_wconf 90' lang='lat' dir='ltr'><strong>un</strong></span> <span class='ocrx_word' id='word_1_268' title='bbox 1149 2340 1254 2382; x_wconf 68' lang='lat' dir='ltr'><strong>gran</strong></span> <span class='ocrx_word' id='word_1_269' title='bbox 1279 2339 1460 2367; x_wconf 90' lang='lat' dir='ltr'><strong>numero</strong></span> <span class='ocrx_word' id='word_1_270' title='bbox 1484 2322 1528 2367; x_wconf 93' lang='lat' dir='ltr'><strong>di</strong></span> <span class='ocrx_word' id='word_1_271' title='bbox 1563 2339 1711 2382; x_wconf 83' lang='lat' dir='ltr'><strong>opere,</strong></span> <span class='ocrx_word' id='word_1_272' title='bbox 1740 2322 1799 2366; x_wconf 88' lang='lat' dir='ltr'><strong>ita</strong></span> <span class='ocrx_word' id='word_1_273' title='bbox 1834 2320 1953 2365; x_wconf 89' lang='lat' dir='ltr'><strong>testis</strong></span> <span class='ocrx_word' id='word_1_274' title='bbox 1993 2322 2053 2364; x_wconf 83' lang='lat' dir='ltr'><strong>lX</strong></span> 
     </span>
     <span class='ocr_line' id='line_1_38' title="bbox 516 2381 2055 2446; baseline -0.001 -20"><span class='ocrx_word' id='word_1_275' title='bbox 516 2382 654 2445; x_wconf 80' lang='lat' dir='ltr'><strong>(iuxta</strong></span> <span class='ocrx_word' id='word_1_276' title='bbox 675 2384 913 2429; x_wconf 68' lang='lat' dir='ltr'><strong>Summas-ii</strong></span> <span class='ocrx_word' id='word_1_277' title='bbox 938 2385 1158 2446; x_wconf 89' lang='lat' dir='ltr'><strong>ordinem)</strong></span> <span class='ocrx_word' id='word_1_278' title='bbox 1195 2385 1233 2428; x_wconf 89' lang='lat' dir='ltr'><strong>le</strong></span> <span class='ocrx_word' id='word_1_279' title='bbox 1266 2385 1380 2444; x_wconf 73' lang='lat' dir='ltr'><strong>(puali</strong></span> <span class='ocrx_word' id='word_1_280' title='bbox 1419 2393 1605 2428; x_wconf 85' lang='lat' dir='ltr'><strong>trattano</strong></span> <span class='ocrx_word' id='word_1_281' title='bbox 1638 2384 1751 2427; x_wconf 85' lang='lat' dir='ltr'><strong>della</strong></span> <span class='ocrx_word' id='word_1_282' title='bbox 1789 2383 1876 2426; x_wconf 83' lang='lat' dir='ltr'><strong>vita</strong></span> <span class='ocrx_word' id='word_1_283' title='bbox 1901 2381 2055 2425; x_wconf 86' lang='lat' dir='ltr'><strong>ammi-</strong></span> 
     </span>
     <span class='ocr_line' id='line_1_39' title="bbox 520 2444 2048 2490; baseline -0.001 -3"><span class='ocrx_word' id='word_1_284' title='bbox 520 2464 537 2483; x_wconf 82' lang='lat'><strong>·</strong></span> <span class='ocrx_word' id='word_1_285' title='bbox 579 2444 716 2488; x_wconf 88' lang='lat' dir='ltr'><strong>rabile</strong></span> <span class='ocrx_word' id='word_1_286' title='bbox 749 2445 862 2489; x_wconf 85' lang='lat' dir='ltr'><strong>della</strong></span> <span class='ocrx_word' id='word_1_287' title='bbox 915 2455 1056 2490; x_wconf 86' lang='lat' dir='ltr'><strong>nestra</strong></span> <span class='ocrx_word' id='word_1_288' title='bbox 1107 2446 1364 2490; x_wconf 81' lang='lat' dir='ltr'><strong>Venerabile</strong></span> <span class='ocrx_word' id='word_1_289' title='bbox 1414 2444 1560 2489; x_wconf 79' lang='lat' dir='ltr'><strong>Madre</strong></span> <span class='ocrx_word' id='word_1_290' title='bbox 1593 2444 2006 2489; x_wconf 83' lang='lat' dir='ltr'><strong>dell&#39;lncarnazione</strong></span> <span class='ocrx_word' id='word_1_291' title='bbox 2032 2462 2048 2482; x_wconf 80' lang='grc' dir='ltr'><strong><em>ι</em></strong></span> 
     </span>
     <span class='ocr_line' id='line_1_40' title="bbox 516 2503 2047 2568; baseline -0.002 -18"><span class='ocrx_word' id='word_1_292' title='bbox 516 2503 707 2564; x_wconf 91' lang='lat' dir='ltr'><strong>(Summ.</strong></span> <span class='ocrx_word' id='word_1_293' title='bbox 747 2522 845 2565; x_wconf 83' lang='lat' dir='ltr'><strong>pag.</strong></span> <span class='ocrx_word' id='word_1_294' title='bbox 885 2507 974 2550; x_wconf 88' lang='grc'><strong>173</strong></span> <span class='ocrx_word' id='word_1_295' title='bbox 1007 2507 1215 2568; x_wconf 67' lang='grc'>3.164);</span> <span class='ocrx_word' id='word_1_296' title='bbox 1254 2523 1302 2552; x_wconf 85' lang='lat' dir='ltr'><strong>ae</strong></span> <span class='ocrx_word' id='word_1_297' title='bbox 1337 2507 1459 2550; x_wconf 80' lang='lat' dir='ltr'><strong>xxu</strong></span> <span class='ocrx_word' id='word_1_298' title='bbox 1499 2528 1513 2545; x_wconf 73' lang='grc' dir='ltr'><strong>α</strong></span> <span class='ocrx_word' id='word_1_299' title='bbox 1554 2507 1611 2551; x_wconf 92' lang='lat' dir='ltr'><strong>So</strong></span> <span class='ocrx_word' id='word_1_300' title='bbox 1653 2506 1730 2550; x_wconf 89' lang='lat' dir='ltr'><strong>che</strong></span> <span class='ocrx_word' id='word_1_301' title='bbox 1775 2505 1895 2549; x_wconf 90' lang='lat' dir='ltr'><strong>molti</strong></span> <span class='ocrx_word' id='word_1_302' title='bbox 1927 2504 2047 2554; x_wconf 84' lang='lat' dir='ltr'><strong>libri,</strong></span> 
     </span>
     <span class='ocr_line' id='line_1_41' title="bbox 521 2566 2054 2624; baseline -0.001 -14"><span class='ocrx_word' id='word_1_303' title='bbox 521 2586 538 2605; x_wconf 82' lang='lat'><strong>·</strong></span> <span class='ocrx_word' id='word_1_304' title='bbox 577 2567 783 2624; x_wconf 86' lang='lat' dir='ltr'><strong>opuscoli,</strong></span> <span class='ocrx_word' id='word_1_305' title='bbox 800 2584 825 2610; x_wconf 94' lang='lat' dir='ltr'><strong>o</strong></span> <span class='ocrx_word' id='word_1_306' title='bbox 850 2568 1116 2612; x_wconf 81' lang='lat' dir='ltr'><strong>manuscritti</strong></span> <span class='ocrx_word' id='word_1_307' title='bbox 1138 2568 1324 2612; x_wconf 87' lang='lat' dir='ltr'><strong>esistenti</strong></span> <span class='ocrx_word' id='word_1_308' title='bbox 1349 2567 1460 2612; x_wconf 85' lang='lat' dir='ltr'><strong>nella</strong></span> <span class='ocrx_word' id='word_1_309' title='bbox 1490 2567 1720 2611; x_wconf 83' lang='lat' dir='ltr'><strong>biblioteca</strong></span> <span class='ocrx_word' id='word_1_310' title='bbox 1744 2566 1817 2610; x_wconf 90' lang='lat' dir='ltr'><strong>del</strong></span> <span class='ocrx_word' id='word_1_311' title='bbox 1842 2568 2054 2610; x_wconf 83' lang='lat' dir='ltr'><strong>Monaste-</strong></span> 
     </span>
     <span class='ocr_line' id='line_1_42' title="bbox 520 2626 2049 2676; baseline -0.002 -5"><span class='ocrx_word' id='word_1_312' title='bbox 520 2647 536 2665; x_wconf 78' lang='grc' dir='ltr'>ι</span> <span class='ocrx_word' id='word_1_313' title='bbox 578 2643 626 2671; x_wconf 90' lang='lat' dir='ltr'><strong>ro</strong></span> <span class='ocrx_word' id='word_1_314' title='bbox 659 2635 872 2673; x_wconf 86' lang='lat' dir='ltr'><strong>attestano</strong></span> <span class='ocrx_word' id='word_1_315' title='bbox 908 2628 947 2672; x_wconf 81' lang='lat' dir='ltr'><strong>la</strong></span> <span class='ocrx_word' id='word_1_316' title='bbox 979 2630 1135 2673; x_wconf 77' lang='lat' dir='ltr'><strong>santita</strong></span> <span class='ocrx_word' id='word_1_317' title='bbox 1168 2629 1283 2674; x_wconf 88' lang='lat' dir='ltr'><strong>della</strong></span> <span class='ocrx_word' id='word_1_318' title='bbox 1316 2631 1449 2676; x_wconf 86' lang='lat' dir='ltr'><strong>Serva</strong></span> <span class='ocrx_word' id='word_1_319' title='bbox 1483 2629 1527 2672; x_wconf 86' lang='lat' dir='ltr'><strong>di</strong></span> <span class='ocrx_word' id='word_1_320' title='bbox 1565 2628 1663 2676; x_wconf 81' lang='lat' dir='ltr'><strong>Dio,</strong></span> <span class='ocrx_word' id='word_1_321' title='bbox 1699 2643 1723 2672; x_wconf 87' lang='lat' dir='ltr'><strong>e</strong></span> <span class='ocrx_word' id='word_1_322' title='bbox 1757 2628 1798 2671; x_wconf 85' lang='lat' dir='ltr'><strong>la</strong></span> <span class='ocrx_word' id='word_1_323' title='bbox 1833 2626 1945 2671; x_wconf 78' lang='lat' dir='ltr'><strong>tama</strong></span> <span class='ocrx_word' id='word_1_324' title='bbox 1975 2626 2049 2670; x_wconf 88' lang='lat' dir='ltr'><strong>dei</strong></span> 
     </span>
     <span class='ocr_line' id='line_1_43' title="bbox 518 2688 2046 2750; baseline -0.001 -19"><span class='ocrx_word' id='word_1_325' title='bbox 518 2707 536 2727; x_wconf 77' lang='grc' dir='ltr'><strong>ο</strong></span> <span class='ocrx_word' id='word_1_326' title='bbox 575 2688 665 2732; x_wconf 89' lang='lat' dir='ltr'><strong>suoi</strong></span> <span class='ocrx_word' id='word_1_327' title='bbox 702 2690 895 2734; x_wconf 82' lang='lat' dir='ltr'><strong>miracoli</strong></span> <span class='ocrx_word' id='word_1_328' title='bbox 937 2710 953 2729; x_wconf 74' lang='grc' dir='ltr'><strong><em>ι</em></strong></span> <span class='ocrx_word' id='word_1_329' title='bbox 982 2690 1060 2749; x_wconf 87' lang='lat' dir='ltr'><strong>(ibi</strong></span> <span class='ocrx_word' id='word_1_330' title='bbox 1097 2707 1193 2750; x_wconf 78' lang='lat' dir='ltr'><strong>pag.</strong></span> <span class='ocrx_word' id='word_1_331' title='bbox 1233 2691 1312 2735; x_wconf 87' lang='grc'><strong>181</strong></span> <span class='ocrx_word' id='word_1_332' title='bbox 1355 2689 1400 2750; x_wconf 72' lang='lat' dir='ltr'><strong>S.</strong></span> <span class='ocrx_word' id='word_1_333' title='bbox 1438 2690 1564 2749; x_wconf 75' lang='grc'>244).</span> <span class='ocrx_word' id='word_1_334' title='bbox 1607 2691 1667 2733; x_wconf 86' lang='lat' dir='ltr'><strong>lta</strong></span> <span class='ocrx_word' id='word_1_335' title='bbox 1701 2689 1835 2733; x_wconf 82' lang='lat' dir='ltr'><strong>etiam</strong></span> <span class='ocrx_word' id='word_1_336' title='bbox 1870 2688 1956 2738; x_wconf 86' lang='lat' dir='ltr'><strong>alii;</strong></span> <span class='ocrx_word' id='word_1_337' title='bbox 1999 2702 2046 2730; x_wconf 83' lang='lat' dir='ltr'><strong>ac</strong></span> 
     </span>
     <span class='ocr_line' id='line_1_44' title="bbox 513 2749 2046 2810; baseline -0.001 -18"><span class='ocrx_word' id='word_1_338' title='bbox 513 2749 743 2810; x_wconf 83' lang='lat' dir='ltr'><strong>praecipue</strong></span> <span class='ocrx_word' id='word_1_339' title='bbox 777 2752 830 2795; x_wconf 92' lang='grc' dir='ltr'><strong>ΙΙΙ</strong></span> <span class='ocrx_word' id='word_1_340' title='bbox 867 2752 991 2810; x_wconf 87' lang='lat' dir='ltr'><strong>plura</strong></span> <span class='ocrx_word' id='word_1_341' title='bbox 1025 2768 1158 2810; x_wconf 64' lang='lat' dir='ltr'><strong>opssra</strong></span> <span class='ocrx_word' id='word_1_342' title='bbox 1191 2759 1415 2796; x_wconf 80' lang='lat' dir='ltr'><strong>enumerat</strong></span> <span class='ocrx_word' id='word_1_343' title='bbox 1448 2766 1559 2810; x_wconf 85' lang='lat' dir='ltr'><strong>quae</strong></span> <span class='ocrx_word' id='word_1_344' title='bbox 1595 2750 1651 2793; x_wconf 71' lang='lat' dir='ltr'><strong>‹le</strong></span> <span class='ocrx_word' id='word_1_345' title='bbox 1683 2752 1727 2795; x_wconf 85' lang='lat' dir='ltr'><strong>S.</strong></span> <span class='ocrx_word' id='word_1_346' title='bbox 1767 2750 1824 2793; x_wconf 90' lang='lat' dir='ltr'><strong>D.</strong></span> <span class='ocrx_word' id='word_1_347' title='bbox 1863 2756 2046 2793; x_wconf 86' lang='lat' dir='ltr'><strong>tractant</strong></span> 
     </span>
     <span class='ocr_line' id='line_1_45' title="bbox 514 2809 2042 2873; baseline -0.001 -20"><span class='ocrx_word' id='word_1_348' title='bbox 514 2809 628 2869; x_wconf 89' lang='lat' dir='ltr'><strong>(ibid</strong></span> <span class='ocrx_word' id='word_1_349' title='bbox 663 2827 759 2871; x_wconf 80' lang='lat' dir='ltr'><strong>pag.</strong></span> <span class='ocrx_word' id='word_1_350' title='bbox 799 2813 888 2857; x_wconf 90' lang='grc'>136</span> <span class='ocrx_word' id='word_1_351' title='bbox 922 2811 966 2873; x_wconf 73' lang='lat' dir='ltr'><strong>S.</strong></span> <span class='ocrx_word' id='word_1_352' title='bbox 1004 2813 1063 2856; x_wconf 77' lang='lat'><strong>52</strong></span> <span class='ocrx_word' id='word_1_353' title='bbox 1097 2822 1140 2857; x_wconf 88' lang='lat' dir='ltr'><strong>et</strong></span> <span class='ocrx_word' id='word_1_354' title='bbox 1181 2813 1343 2872; x_wconf 58' lang='lat' dir='ltr'><strong>seqq).</strong></span> <span class='ocrx_word' id='word_1_355' title='bbox 1395 2812 1489 2856; x_wconf 90' lang='lat' dir='ltr'><strong>Non</strong></span> <span class='ocrx_word' id='word_1_356' title='bbox 1540 2821 1688 2856; x_wconf 85' lang='lat' dir='ltr'><strong>tamen</strong></span> <span class='ocrx_word' id='word_1_357' title='bbox 1722 2812 1827 2856; x_wconf 84' lang='lat' dir='ltr'><strong>haee</strong></span> <span class='ocrx_word' id='word_1_358' title='bbox 1864 2810 2042 2855; x_wconf 87' lang='lat' dir='ltr'><strong>collecta</strong></span> 
     </span>
     <span class='ocr_line' id='line_1_46' title="bbox 513 2870 2043 2933; baseline 0 -19"><span class='ocrx_word' id='word_1_359' title='bbox 513 2879 644 2931; x_wconf 88' lang='lat' dir='ltr'><strong>atque</strong></span> <span class='ocrx_word' id='word_1_360' title='bbox 678 2873 886 2926; x_wconf 85' lang='lat' dir='ltr'><strong>exhibita,</strong></span> <span class='ocrx_word' id='word_1_361' title='bbox 934 2875 966 2918; x_wconf 90' lang='lat' dir='ltr'><strong>si</strong></span> <span class='ocrx_word' id='word_1_362' title='bbox 1018 2889 1148 2918; x_wconf 30' lang='lat' dir='ltr'><strong>ernam</strong></span> <span class='ocrx_word' id='word_1_363' title='bbox 1198 2874 1385 2933; x_wconf 84' lang='lat' dir='ltr'><strong>excipias</strong></span> <span class='ocrx_word' id='word_1_364' title='bbox 1433 2872 1736 2932; x_wconf 81' lang='lat' dir='ltr'><strong>biographiam</strong></span> <span class='ocrx_word' id='word_1_365' title='bbox 1784 2872 1841 2916; x_wconf 77' lang='lat' dir='ltr'><strong>ab</strong></span> <span class='ocrx_word' id='word_1_366' title='bbox 1884 2870 2043 2915; x_wconf 74' lang='lat' dir='ltr'><strong>eadem</strong></span> 
     </span>
    </p>
   </div>
   <div class='ocr_carea' id='block_1_10' title="bbox 1542 0 2624 1780">
    <p class='ocr_par' dir='ltr' id='par_1_11' title="bbox 1542 0 2624 1780">
     <span class='ocr_line' id='line_1_47' title="bbox 1542 0 2624 1780; baseline 0 0"><span class='ocrx_word' id='word_1_367' title='bbox 1542 0 2624 1780; x_wconf 95' lang='lat' dir='ltr'><strong> </strong></span> 
     </span>
    </p>
   </div>
  </div>
 </body>
</html>
