2632 3552
612 318 700 361 ²102

615 391 874 437 Monialibus
908 391 1111 435 toleratas
1143 407 1166 434 a
1202 400 1308 436 teste
1341 402 1618 437 enumeratur
1645 408 1820 451 quoque
1840 393 1912 438 illa
1942 410 2138 466 quaere-

612 453 736 513 spicit
764 472 781 491 c
812 452 850 495 1·ι
884 451 1143 496 ristrettezza
1176 452 1245 497 d‹l
1280 454 1369 496 loro
1403 455 1518 498 allo-r
1493 454 1588 513 ggio
1618 476 1633 492 n
1662 469 1775 512 quae
1805 456 1999 511 augustia
2024 457 2132 501 cius-

612 514 732 557 modi
751 521 857 564 crat,
881 521 927 556 ut
945 527 1020 556 nec
1039 513 1079 556 in
1099 529 1151 557 eo
1169 514 1378 559 contineri
1397 524 1571 574 possent
1600 536 1613 554 ι
1635 514 1674 557 le
1692 516 1828 559 Suore
1854 517 2084 560 Converse.
2109 539 2124 556 ι

613 576 673 618 Ex
714 574 779 617 his
812 574 1015 617 omnibus
1049 573 1180 632 igitur
1212 583 1329 633 patet
1363 575 1479 633 quod
1518 575 1758 619 nullimode
1786 576 1916 620 Serva
1935 576 2135 635 Deipro-

614 635 735 679 vidas
767 633 822 677 dc
856 635 1063 678 Clausura
1066 610 1303 679 &Ecclesiae
1340 636 1451 694 leues
1486 636 1604 694 parvi
1629 635 1793 686 fecerit,
1813 637 2028 694 siquidem
2054 654 2133 682 nec

612 696 816 740 mulieres
850 695 963 738 iutra
995 704 1116 754 septa
1145 696 1384 740 lllonasterii
1415 713 1605 755 unquam
1628 712 1722 740 icc(
1729 697 1805 754 pit
1828 705 1956 755 atque
1975 697 2130 742 idcuco

613 756 915 816 imprudenter
949 758 1205 815 neutiquam
1243 759 1337 816 lpsa
1371 774 1415 801 sc
1446 757 1589 815 gessit.
1631 758 1753 801 Ratio
1772 773 1875 800 vero
1899 774 2029 817 quam
2053 758 2130 802 ad-

614 818 739 862 duxit
775 818 939 861 Censor
973 826 1118 861 noster
1150 817 1203 860 ad
1240 819 1482 876 graviorem
1521 818 1927 875 repraesentandam
1962 834 2132 877 suppo-

616 880 742 922 sitam
780 879 837 920 ab
871 880 930 921 Eo
960 877 1101 920 dictae
1133 879 1292 923 Sei-vae
1327 879 1406 922 Dei
1437 878 1794 936 imprudentiam,
1827 879 1941 937 quod
1976 879 2134 924 scilicet

616 939 694 983 hoc
729 938 888 982 Eadem
925 938 1185 995 permisisset
1221 940 1333 982 inter
1365 940 1472 983 adeo
1496 939 1723 997 sylvestres
1744 940 1935 997 gentium
1963 940 2130 984 illarum

615 1016 773 1051 mores,
812 999 914 1042 llaec
949 999 1128 1057 inquam
1162 1000 1375 1042 minueret
1408 1001 1564 1059 potius,
1602 1000 1690 1043 imo
1726 1000 1889 1043 nullum
1929 1000 2135 1045 redderet

616 1059 937 1119 imprudentiae
970 1059 1202 1111 delectum,
1225 1070 1267 1104 ct
1286 1061 1365 1103 hoc
1383 1061 1481 1119 quia
1508 1060 1674 1105 nullum
1700 1063 1777 1103 hac
1798 1061 1853 1104 de
1877 1076 1998 1104 causa
2018 1062 2133 1118 peri-

613 1123 761 1166 culum
796 1119 1039 1164 timendum
1075 1130 1167 1164 erat
1200 1121 1354 1165 sanetis
1386 1123 1466 1165 illis
1503 1121 1741 1179 virginibus
1774 1121 1932 1178 quibus
1965 1121 2132 1165 sordidi

614 1183 756 1227 dictae
791 1182 930 1239 gentis
965 1197 1105 1224 mores
1140 1182 1362 1225 how-ionem
1396 1183 1537 1240 potius
1569 1196 1699 1251 qua-m
1735 1196 1927 1224 amorem
1967 1182 2137 1226 excita-

613 1245 735 1293 bant,
774 1242 849 1285 sed
885 1257 962 1285 nec
1008 1242 1108 1299 ipsis
1152 1242 1349 1286 barbaris
1385 1243 1547 1301 quibis
1591 1242 1766 1286 unicum
1800 1241 1991 1286 studium
2042 1250 2135 1286 crat

613 1277 844 1347 erudiendi
877 1318 922 1346 se
956 1302 996 1345 in
1033 1302 1135 1346 lidei
1188 1302 1433 1361 mysteriis,
1471 1304 1633 1362 quique
1669 1303 1988 1346 venerationem
2035 1318 2136 1361 erga

616 1364 823 1409 moniales
858 1364 1093 1406 maximam
1129 1364 1459 1421 profitebantur.
1498 1364 1583 1409 Sed
1617 1378 1758 1422 neque
1781 1364 1914 1406 ielitc
1937 1363 1992 1407 ad
2015 1378 2136 1406 oeco-

615 1426 830 1469 nomicam
866 1424 1140 1482 prudentiam
1175 1424 1392 1468 defectum
1429 1425 1564 1469 ullum
1598 1424 1773 1469 admisit
1804 1426 1936 1469 Scrva
1961 1424 2057 1476 Dei,
2077 1424 2138 1467 uti

614 1484 839 1530 contendit
872 1485 1211 1529 Animadversor
1244 1486 1459 1543 egregius.

739 1546 843 1589 425.
882 1546 998 1589 Licet
1031 1545 1149 1589 enim
1184 1547 1302 1589 Idem
1340 1546 1532 1596 adnotet,
1570 1545 1685 1604 quod
1722 1547 1814 1603 lpsa
1850 1545 1928 1588 Dei
1954 1546 2133 1588 Famula

614 1623 725 1659 suas,
764 1621 841 1649 ceu
875 1606 1004 1649 nimis
1039 1607 1240 1665 prodigas
1275 1607 1521 1665 largitiones
1556 1606 1830 1656 incusaverit,
1847 1614 2035 1649 attamen
2061 1607 2138 1650 lioc

619 1684 705 1711 non
741 1668 945 1723 importat
979 1667 1097 1724 quod
1131 1668 1356 1710 contendit
1390 1668 1675 1711 Adversarius
1719 1667 1936 1709 desectum
1980 1682 2139 1725 nempe

618 1728 874 1786 prudentiae
907 1728 1228 1770 oeconomicae.
1265 1730 1354 1770 lloc
1387 1736 1530 1771 autem
1565 1727 1726 1784 duplici
1772 1727 2040 1784 potissimum
2086 1744 2140 1771 ox

617 1789 773 1847 capite,
813 1788 955 1846 primo
989 1787 1090 1845 quia
1126 1803 1320 1831 excessus
1354 1787 1568 1831 eiusmodi
1603 1788 1680 1830 luit
1715 1787 1889 1830 effectus
1923 1788 2141 1831 charitatis

616 1850 729 1892 illius
762 1864 893 1907 quam
930 1864 1033 1905 erga
1066 1849 1318 1892 Proximum
1356 1849 1587 1906 praecipue
1631 1848 1896 1906 indigentem
1947 1848 2139 1892 vividam

617 1911 684 1953 vel
718 1926 741 1953 a
777 1910 935 1952 teneris
970 1909 1011 1951 in
1047 1909 1178 1952 corde
1212 1910 1317 1953 aluit
1349 1910 1479 1953 Serva
1516 1909 1613 1960 Dei,
1652 1909 1835 1968 hincque
1870 1908 2030 1952 factum
2077 1917 2140 1953 est

618 1977 664 2016 ut
699 1971 942 2029 largitiones
979 1972 1070 2013 Deo
1105 1970 1187 2027 lpsi
1224 1987 1301 2029 pro
1335 1970 1452 2014 cuius
1488 1985 1635 2014 amore
1659 1970 1751 2013 illas
1776 1971 1873 2013 lueet
1904 1970 2139 2014 excessivas

616 2033 750 2077 Serva
786 2032 866 2074 Dei
898 2031 1223 2088 suppeditabat,
1261 2040 1408 2090 gratae
1440 2030 1768 2089 supramodum
1817 2031 2053 2074 extiterint.
2092 2031 2141 2075 ld

619 2100 783 2136 constat
817 2107 870 2135 cx
905 2093 995 2151 ipsa
1032 2101 1137 2135 teste
1182 2093 1196 2134 l
1239 2094 1295 2136 ab
1337 2091 1598 2136 Adversario
1647 2091 1775 2134 nobis
1816 2091 1983 2134 obiecta
2027 2107 2140 2151 quae

620 2154 717 2196 talia
752 2153 807 2196 de
840 2153 1051 2196 immensa
1085 2153 1302 2196 Cliaritate
1337 2155 1495 2197 Scrvae
1531 2152 1608 2196 Dei
1646 2160 1807 2196 narrat:
1840 2153 1937 2195 «La
1960 2169 2035 2195 sua
2059 2154 2140 2196 Ca-

624 2236 638 2252 »
668 2214 747 2257 rita
782 2229 904 2257 verso
940 2215 951 2257 i
989 2214 1153 2271 paveri,
1191 2230 1213 2256 c
1248 2214 1305 2272 gli
1340 2214 1575 2258 sventurati
1614 2229 1697 2257 non
1733 2229 1804 2256 era
1839 2228 1968 2256 meno
2001 2229 2141 2256 mera-

627 2296 642 2314 »
670 2275 864 2331 vigliosa.
902 2276 1001 2318 Essa
1036 2290 1121 2318 uon
1159 2275 1381 2333 prendeva
1415 2275 1583 2319 fastidio
1606 2275 1648 2318 di
1677 2275 1808 2325 nulla,
1830 2275 2020 2317 avrcbbe
2043 2274 2140 2318 bra-

627 2356 642 2374 ·
672 2344 791 2378 mato
826 2336 870 2378 di
905 2336 1043 2394 patiro
1077 2336 1118 2378 in
1155 2337 1246 2380 loro
1281 2351 1407 2387 vece,
1446 2353 1468 2379 e
1503 2336 1614 2379 dava
1648 2334 1684 2378 ai
1722 2334 1946 2378 mcdesimi
1979 2344 2140 2393 quanto

626 2416 643 2434 ι
672 2412 745 2438 eia
780 2398 823 2438 in
856 2412 932 2439 suo
968 2405 1135 2454 potere.
1173 2397 1294 2440 Disse
1328 2397 1540 2447 eziandio,
1568 2397 1645 2440 che
1667 2396 1791 2439 Ella
1783 2411 1822 2438 m
1846 2412 1881 2439 c.
1887 2395 1912 2438 ὸ
1934 2395 2140 2439 commisc

628 2478 643 2496 ι
671 2457 809 2501 alcuni
844 2457 998 2516 grandi
1033 2457 1213 2509 eccessi,
1253 2475 1321 2502 ma
1356 2459 1431 2503 clie
1466 2458 1724 2517 portandoxi
1760 2473 1842 2500 una
1866 2465 1974 2500 retta
2002 2457 2142 2499 inten-

628 2538 643 2556 ι
670 2518 790 2560 zionc
826 2518 868 2561 fu
903 2534 999 2562 cosa
1032 2527 1152 2577 grata
1186 2534 1209 2562 a
1242 2520 1325 2562 Dio
1362 2517 1446 2579 (¹1).
1479 2539 1494 2558 ι
1523 2521 1610 2562 Hoc
1644 2520 1801 2578 positO,
1838 2518 1933 2576 quis
1957 2516 2135 2560 audebit

621 2593 713 2623 rem
748 2580 843 2622 Deo
876 2588 1044 2638 gnatam
1079 2580 1134 2623 de
1157 2596 1326 2624 summa
1352 2580 1643 2639 imprudentia
1666 2580 1874 2638 argucrc‘?
1898 2578 2139 2622 Dicendum

621 2641 813 2698 prolecto
847 2641 965 2698 quod
999 2640 1285 2685 Adversarius
1320 2650 1463 2685 noster
1497 2650 1712 2699 postremi
1748 2640 1816 2683 illa
1853 2640 1967 2683 testis
2007 2640 2141 2682 verba

622 2716 644 2742 a
679 2716 748 2743 mc
783 2701 907 2745 allata
942 2717 1026 2744 non
1062 2702 1227 2760 legerit,
1266 2704 1390 2746 aliter
1424 2719 1506 2747 non
1543 2703 1598 2745 ita
1630 2709 1951 2759 argumentatus
1974 2700 2138 2743 fuisset.

624 2761 715 2804 Imo
739 2761 850 2805 adeo
874 2771 1022 2821 gratae
1046 2764 1140 2807 Deo
1167 2764 1337 2807 luerunt
1363 2763 1446 2806 iam
1472 2763 1614 2807 dictae
1637 2761 1993 2821 superaffluentes
2018 2761 2146 2819 largi-

623 2822 775 2874 tiones,
801 2831 843 2865 ut
871 2824 1075 2867 miraculo
1099 2840 1171 2868 eas
1194 2840 1369 2884 quoque
1392 2826 1483 2883 lpse
1505 2823 1972 2882 comprobaverit.lloc
1996 2830 2142 2866 autem

745 2945 811 3006 (l)
846 2947 999 2991 Summ.
1035 2964 1135 3006 paq.
1174 2949 1248 2999 92,
1288 2949 1332 3009 S.
1372 2950 1414 2996 ’1,
1450 2950 1478 2991 ‘2
