2616 3568
549 277 611 321 96

551 351 709 410 scripta
733 349 838 394 haec
872 346 927 391 ad
963 343 1100 389 fitium
1135 341 1177 386 in
1211 341 1350 387 Gallia
1384 349 1724 386 commen-antem
1760 346 2076 400 transmiserat,

553 420 598 458 et
630 427 681 456 ea
714 407 891 469 ‹pnidem
928 405 1082 463 scripta
1119 403 1159 446 in
1193 402 1355 462 quibus
1390 401 1522 446 mino·
1564 417 1662 460 pars
1684 402 1887 449 historiae
1922 406 2076 452 tribui-

558 482 645 524 tur,
667 470 807 530 potior
838 467 894 512 de
927 464 1184 515 exstasibus‚
1211 463 1558 514 charismatibus,
1589 464 1655 507 vel
1691 463 1875 511 heroicis
1910 467 2078 512 virtuti-

557 535 640 579 bus
674 529 869 575 exercitis
902 526 1025 586 agit?

683 592 786 636 tw.
825 589 931 633 lluic
964 585 1197 631 difficultati
1233 594 1280 629 ut
1314 585 1397 630 mei
1432 586 1622 631 miinoris
1656 595 1719 631 est
1769 604 1982 647 reponens
2033 590 2075 634 in

559 653 709 714 primis
743 649 1042 696 animadverto
1076 646 1193 705 quod
1226 647 1387 691 Censor
1420 647 1616 705 egregius
1660 648 1796 707 probe.
1839 650 2082 708 intelligens

558 714 675 760 haud
699 728 790 758 esse
814 710 999 755 insolens
1020 706 1138 767 quod
1172 707 1295 753 Servi
1331 707 1410 751 Dei
1434 709 1563 752 etiam
1586 709 1642 753 de
1666 710 1752 753 suis
1774 711 1904 769 bustis
1925 713 2082 771 scripto

564 775 702 821 multa
736 770 1097 830 consignaverint,
1134 783 1230 813 cum
1268 768 1345 812 hoc
1377 784 1461 812 non
1496 779 1639 828 posset
1674 770 1714 813 in
1750 771 1936 815 dubium
1964 788 2086 816 voea-

562 853 624 888 re,
663 844 704 879 et
740 851 823 879 una
856 831 982 876 simul
1016 830 1169 888 culpae
1204 837 1384 879 vertere,
1421 845 1469 873 ac
1502 830 1688 874 defectui
1713 831 1969 875 humilitatis
1987 835 2084 877 Ser-

564 913 645 941 vae
680 896 759 939 Dei
794 892 937 939 Sorori
975 892 1129 934 Mariae
1162 891 1219 934 ab
1253 890 1552 934 incarnatione
1584 891 1703 950 quod
1739 894 1874 937 inulta
1909 893 1964 938 de
2007 909 2082 945 se,

563 958 736 1015 suisque
770 954 896 1012 gestis
930 951 1147 1010 scripserit
1181 950 1338 994 fatetur
1370 951 1546 1010 quidem
1582 953 1729 1011 plures
1761 953 1986 998 sanctitate
2021 955 2085 998 in-

565 1018 706 1076 signes
741 1016 783 1060 id
820 1013 1113 1074 praestitisse,
1168 1020 1466 1056 verumtamen
1518 1012 1596 1057 hoc
1647 1015 1785 1072 ipsum
1834 1015 2083 1059 obedientia

568 1086 732 1123 coactos
767 1075 929 1120 fecisse.
968 1076 1111 1132 Atque
1145 1073 1325 1118 diversis
1349 1073 1425 1117 hac
1448 1073 1489 1117 in
1515 1090 1559 1117 re
1583 1074 1800 1132 productis
1826 1076 1868 1119 in
1895 1076 2088 1119 medium

567 1138 795 1197 exemplis,
811 1136 1074 1193 interrogans
1100 1135 1319 1178 undenam
1344 1134 1560 1178 hauserint
1587 1144 1714 1179 testes
1749 1136 1854 1180 illud
1878 1136 1996 1194 quod
2016 1136 2094 1180 de-

567 1200 745 1251 clarant,
784 1213 866 1242 non
905 1196 1015 1240 iu-sa
1048 1194 1304 1240 confessarii
1338 1195 1401 1238 sui
1434 1197 1613 1240 Servum
1653 1196 1732 1240 Dei
1766 1206 1956 1241 secutam
1981 1212 2089 1247 esse,

568 1261 644 1305 sed
679 1260 796 1319 qnod
826 1278 841 1296 ι
873 1257 995 1301 iddio
1028 1255 1242 1300 eumundo
1274 1272 1297 1300 a
1331 1265 1487 1300 cotesta
1522 1257 1735 1315 Religion·
1769 1258 1814 1302 di
1849 1259 2035 1302 scrivere
2056 1258 2095 1302 le

575 1343 590 1360 ι
620 1337 716 1364 cose
751 1320 789 1364 le
822 1318 939 1377 quali
977 1317 1016 1360 le
1049 1333 1180 1361 erano
1214 1326 1321 1361 state
1356 1317 1531 1361 rivelate
1561 1341 1575 1356 ι
1607 1318 1779 1362 vid-etur
1815 1335 1986 1378 prorsus
2021 1335 2093 1363 ex-

571 1381 748 1426 elndere
782 1379 895 1440 quod
933 1395 985 1422 ex
1020 1377 1267 1422 obedientia
1302 1394 1350 1422 ea
1384 1378 1600 1438 scripserit
1633 1380 1767 1423 Serva
1804 1381 1903 1430 Dei,
1931 1381 2006 1424 sed
2043 1396 2096 1423 ex

573 1443 707 1487 animi
734 1440 1099 1500 praesumptione,
1122 1448 1163 1482 et
1185 1439 1486 1483 ostentatione.
1508 1440 1582 1483 Ast
1610 1456 1711 1498 paee
1734 1442 1934 1485 Censoris
1969 1440 2098 1485 nostri

572 1503 732 1553 dicam,
772 1504 913 1560 ipsum
950 1501 1030 1545 etsi
1067 1502 1291 1544 l’roeessns
1325 1510 1362 1544 et
1404 1501 1700 1546 Summariuin
1746 1517 1843 1546 cum
1896 1503 2101 1546 lnl'orma-

573 1565 689 1609 tione
724 1563 890 1621 saepins
927 1561 1269 1620 pei-volutaverit
1301 1561 1354 1605 ad
1388 1578 1438 1605 ea
1464 1562 1503 1605 in
1531 1561 1610 1605 illis
1633 1562 1851 1619 carpenda
1876 1579 1986 1621 (piae
2011 1563 2103 1607 dit·-

575 1625 773 1669 lieultatis
809 1624 1000 1682 aliquam
1037 1623 1344 1682 praeseferrent
1380 1622 1598 1680 speeiem,
1650 1630 1839 1667 attamen
1891 1624 2101 1684 Spiritum

576 1686 781 1730 Eiusdem
817 1686 977 1727 Sei-vae
1013 1683 1092 1727 Dei
1128 1684 1276 1727 saltem
1314 1700 1398 1727 non
1424 1684 1573 1727 intime
1596 1684 1950 1742 ‹l‹·preln·ndisse‚
1981 1686 2105 1730 aliter

576 1747 720 1790 ideam
757 1745 811 1788 de
845 1744 1014 1787 heroica
1037 1777 1045 1793 ,
1083 1760 1129 1785 ae
1165 1759 1339 1801 prorsus
1372 1744 1574 1801 singulari
1613 1745 1813 1789 Eiusdem
1860 1747 2106 1790 hnmilitate

578 1806 852 1852 manifestam
889 1805 1085 1855 lirmam,
1124 1814 1165 1847 et
1212 1804 1441 1848 indubiam
1478 1804 1560 1848 sibi
1595 1804 1879 1850 efformasset.
1919 1809 1965 1850 Et
2000 1822 2106 1850 sane

577 1868 610 1911 si
648 1868 687 1910 in
724 1865 928 1910 ninnibus
962 1865 1212 1910 Christianis
1246 1872 1287 1908 et
1313 1866 1535 1922 Religiosis
1563 1865 1799 1909 virtutibus
1822 1868 1956 1911 Soror
1976 1868 2107 1912 Maria

578 1929 635 1973 al»
672 1927 972 1971 incarnatione
996 1926 1267 1970 admirabilis
1291 1926 1425 1969 extitit
1455 1927 1495 1970 in
1521 1927 1632 1970 (licta
1657 1927 1916 1972 humilitatis
1950 1929 2109 1972 virtute

578 1990 684 2034 alios
719 2004 891 2047 quoque
925 1989 1149 2031 sanctitate
1185 1988 1369 2043 insignes
1404 1988 1544 2045 longe,
1570 1988 1847 2048 multumque
1871 1991 2103 2049 superavit,

579 2051 647 2096 Sic
683 2051 807 2092 refert
847 2049 962 2092 testis
997 2050 1030 2092 ΙΙ
1065 2049 1201 2108 quod:
1234 2070 1250 2087 α
1282 2050 1344 2092 tJn
1383 2049 1518 2093 l’atlre
1542 2049 1716 2093 Gesuita
1742 2050 1952 2094 avendola
1978 2051 2110 2094 inulto

586 2134 602 2152 ι
636 2119 829 2170 provata,
868 2111 983 2154 onde
1016 2126 1244 2153 conoscere
1292 2127 1336 2153 se
1384 2111 1421 2153 la
1456 2128 1528 2154 sua
1571 2112 1727 2154 sant-ita
1774 2112 2110 2169 eorrispondeva

590 2195 604 2213 ι
636 2171 715 2215 alla
750 2189 821 2213 sna
859 2171 988 2216 sama.
1027 2171 1217 2215 dichiaro
1252 2189 1274 2215 a
1310 2172 1533 2229 pareeehie
1569 2187 1769 2228 persone,
1805 2173 1884 2215 che
1920 2181 2028 2216 tutte
2074 2174 2112 2216 te

587 2256 602 2273 2
637 2232 747 2276 virtu
784 2233 894 2275 della
934 2232 1076 2276 Matlre.
1110 2232 1209 2275 ‹lett'
1232 2233 1531 2276 lnearnazione
1566 2248 1698 2277 erano
1731 2234 1903 2289 grandi,
1944 2250 2009 2277 nia
2034 2234 2113 2277 ehe

591 2316 606 2335 ι
639 2294 724 2337 tilla
760 2310 831 2336 era
866 2293 1206 2351 incomparabile
1234 2293 1346 2337 nelle
1374 2294 1481 2338 viu-ia
1507 2294 1618 2339 della
1647 2294 1806 2351 purita,
1833 2311 1856 2336 e
1882 2295 2117 2337 ‹lell'umil-

590 2377 605 2394 ι
638 2356 677 2397 tii
703 2355 786 2413 (l).
803 2376 814 2391 υ
837 2355 966 2410 Quod
992 2355 1189 2414 apprime
1211 2356 1436 2399 conlirniat
1465 2357 1579 2400 testis
1604 2357 1640 2397 Χ
1666 2356 1881 2398 ‹lissei-ens
1904 2356 1959 2398 ‹le
1983 2356 2117 2398 heroi-

584 2417 713 2460 cilate
740 2416 944 2458 virtutum
970 2419 1130 2460 sen-vae
1154 2417 1233 2459 Dei
1261 2417 1323 2459 his
1348 2417 1505 2461 verbis:
1528 2440 1541 2456 ι
1565 2419 1608 2460 lo
1632 2417 1840 2459 mostrero
1863 2416 1941 2459 elie
1966 2417 2003 2459 la
2029 2417 2114 2460 Ma-

592 2497 608 2516 »
639 2477 718 2519 (ΙΙ-υ
753 2477 851 2519 ‹lell'
875 2477 1175 2520 incarnationev
1200 2478 1311 2521 nella
1340 2479 1499 2536 pratiea
1524 2478 1639 2522 delle
1676 2479 1789 2521 virtu
1823 2478 2064 2534 Teologali,
2093 2493 2116 2520 e

594 2559 609 2577 ι
638 2537 852 2581 Cartlinali
889 2554 1031 2581 asro-e
1055 2539 1093 2582 al
1119 2539 1189 2596 piu
1226 2540 1312 2582 alte
1337 2540 1468 2595 grado
1494 2541 1560 2583 nel
1585 2541 1751 2596 segniti)
1774 2539 1887 2582 della
1910 2556 1983 2581 sua
2012 2540 2114 2582 vita.

593 2620 609 2637 n
641 2601 721 2642 Per
755 2600 780 2642 il
817 2609 1038 2642 momento
1075 2601 1113 2643 io
1150 2600 1239 2643 saro
1274 2615 1493 2643 osservare
1516 2636 1524 2650 ,
1562 2601 1640 2644 che
1677 2602 1715 2644 io
1751 2616 1832 2643 nou
1870 2602 1923 2643 h(-
1969 2607 2120 2658 potuto

591 2680 609 2699 ι
640 2661 873 2703 riman-care,
908 2662 1023 2704 nelle
1055 2678 1130 2705 sue
1165 2660 1298 2704 azioni
1337 2663 1373 2705 la
1411 2662 1482 2719 piu
1519 2663 1627 2705 lieve
1663 2662 1814 2705 embra
1850 2661 1894 2704 di
1929 2662 2028 2719 quei
2054 2661 2120 2704 ‹li-

592 2740 610 2761 ›
643 2720 733 2764 letti
770 2723 779 2765 i
822 2722 937 2779 (puali
983 2723 1369 2766 neeessariamente
1415 2723 1662 2766 dai-eliber«)
1708 2723 1988 2766 l'eselusiane
2040 2721 2123 2765 alla

592 2803 611 2823 ι
643 2782 754 2826 virtu
791 2784 946 2835 eroiea‚
987 2785 1156 2828 almeno
1190 2784 1493 2828 att'abitudine
1527 2785 1639 2828 della
1678 2785 1786 2828 virtu
1823 2784 1993 2828 eroiea:
2040 2783 2124 2826 mni

719 2905 784 2963 (l)
820 2904 973 2948 Summ.
1006 2921 1108 2962 pay.
1149 2908 1223 2958 61,
1263 2909 1322 2949 62
1356 2908 1399 2967 S.
1441 2908 1512 2950 12.
