2624 3584
616 256 677 298 66

623 349 640 369 ι
668 330 747 374 che
773 330 843 373 noi
888 329 1172 388 travagliamo
1211 330 1253 373 in
1305 330 1402 380 Dio,
1441 345 1465 373 e
1498 346 1576 389 per
1610 330 1750 375 iddio.
1789 332 1866 374 Noi
1901 332 2141 379 dobbiamo

624 412 640 430 D
669 390 919 440 consolarci,
956 405 980 433 e
1013 390 1258 448 ralicgrarci
1293 391 1447 449 perche
1476 392 1515 435 la
1541 400 1686 435 nostra
1723 392 1826 442 vita,
1866 407 1889 434 e
1927 393 1967 436 ie
1992 404 2137 439 nostre

625 472 641 491 ι
670 450 916 509 operazioni
948 467 1052 494 sono
1093 458 1286 495 nascoste
1320 452 1360 495 in
1399 452 1496 495 Lui.
1530 479 1558 487 -
1592 453 1623 495 E
1655 453 1794 511 questi
1828 453 2076 498 sentimenti
2099 456 2133 499 si

624 533 641 551 2
672 512 891 555 riti-ovano
926 511 1163 571 dovunquc
1192 512 1306 556 nelle
1337 529 1411 556 sue
1433 512 1588 563 azioni,
1625 528 1747 557 come
1780 528 1935 557 ancora
1958 513 2027 557 sut
2058 530 2138 558 suo

622 594 637 611 s·
669 573 798 623 libro,
826 587 850 615 e
886 574 955 615 nei
990 573 1081 617 suoi
1117 573 1246 617 scritti
1295 572 1376 634 (4).
1420 595 1435 611 ι»
1477 574 1676 633 Denique
1712 582 1757 616 ut
1794 574 1897 617 alios
1939 574 2136 619 omittam

618 632 840 693 proferam
878 634 1009 677 verba
1044 635 1182 678 Testis
1214 635 1317 678 xm
1352 635 1407 678 ita
1431 634 1488 678 de
1517 635 1648 677 Fama
1681 635 1931 685 sanctitatis,
1970 643 2012 678 et
2045 636 2130 679 vir-

616 702 757 738 tutum
799 695 958 739 servae
994 695 1074 739 Dei
1110 695 1359 754 loquentis:
1403 716 1418 734 a
1447 695 1529 738 Mia
1556 695 1718 745 Madre,
1755 695 1920 745 diceva,
1955 695 2034 739 che
2067 696 2133 740 chi

620 776 636 793 ι
668 769 803 798 aveva
828 763 961 798 avuto
995 755 1021 799 ii
1057 757 1256 815 con-aggi«)
1280 755 1323 799 di
1343 756 1654 800 abbandonam
1673 756 1701 799 it
1726 770 1803 799 suo
1839 756 1968 800 unico
1993 755 2126 814 tigno,

623 837 639 856 1»
668 831 792 859 senza
820 817 946 860 alcun
984 818 1212 875 appoggio,
1250 833 1276 860 o
1306 817 1491 860 fortuna.
1532 817 1622 860 soto
1658 832 1737 875 per
1770 832 1917 860 amore
1950 816 1995 860 di
2030 818 2129 868 Dio,

623 897 639 916 »
669 877 836 920 doveva
861 892 1001 920 essere
1026 892 1110 920 una
1136 893 1240 935 gran
1275 878 1421 921 Santa.
1459 877 1694 921 Dimorava
1727 877 1766 920 io
1796 877 1839 920 di
1874 876 1996 935 quasi
2026 886 2134 921 sette

620 958 636 976 ι
667 938 768 980 anni
803 938 876 981 nel
899 938 1118 988 Convitto,
1153 954 1176 982 e
1215 937 1335 998 quivi
1366 938 1420 981 ho
1450 939 1587 982 inteso
1617 953 1789 996 sempre
1816 937 1965 982 lodare
1989 938 2026 981 ia
2050 938 2139 982 vir-

620 1018 637 1037 »
668 998 731 1049 tu,
767 1012 790 1040 e
822 998 862 1041 la
903 998 1058 1042 santita
1097 999 1208 1042 della
1266 998 1410 1043 Madre
1461 1000 1592 1043 Maria
1635 998 2043 1042 deil'lncarnazione
2069 1033 2079 1049 ,
2117 1015 2142 1043 e

620 1079 636 1098 .
664 1073 810 1116 spesso
840 1075 948 1117 pure
971 1059 1043 1103 dai
1076 1060 1341 1104 Predicatori
1361 1061 1429 1104 dat
1464 1062 1695 1118 Pergamo.
1724 1080 1738 1097 υ
1768 1059 1929 1103 Eadem
1963 1075 2141 1118 quoque

613 1131 763 1178 rogata
796 1135 849 1163 an
886 1120 947 1164 uti
981 1120 1186 1178 perfecta,
1216 1130 1258 1164 et
1289 1121 1457 1165 heroica
1490 1121 1705 1179 Religiosa
1738 1121 1869 1177 vuigo
1895 1122 2028 1165 Serva
2053 1121 2138 1164 Dei

613 1181 845 1229 habeatur,
886 1180 1135 1238 respondit:
1176 1202 1192 1220 ι
1234 1183 1321 1225 Ora
1351 1197 1472 1225 come
1510 1197 1586 1239 per
1619 1182 1647 1224 ἰΙ
1685 1189 1867 1239 passato,
1906 1181 1961 1223 ho
1997 1180 2136 1225 inteso

622 1263 638 1281 ι
668 1256 842 1299 sempre
875 1243 1043 1300 pariare
1076 1242 1189 1286 delia
1213 1241 1359 1285 Madre
1395 1243 1526 1287 Maria
1575 1242 1674 1285 dett’
1699 1241 2020 1290 incarnazione,
2058 1257 2138 1285 co-

622 1323 637 1341 »
665 1317 737 1344 me
774 1318 831 1345 un
871 1302 1055 1361 perfetto
1100 1303 1290 1347 modeiio
1324 1303 1436 1347 delle
1474 1302 1547 1361 piu
1581 1302 1758 1346 sublimi
1799 1302 1911 1345 virtu
1952 1302 2142 1361 Religio-

621 1384 637 1402 ·
665 1378 711 1406 se
743 1363 826 1422 (2).
871 1384 888 1402 ι

737 1425 812 1467 97.
851 1426 912 1467 Ex
948 1424 995 1467 tis
1028 1425 1218 1483 profecto
1255 1424 1554 1468 indubitanter
1577 1423 1792 1468 evincitur
1823 1423 1988 1467 nedum
2016 1423 2138 1468 ades-

612 1500 657 1528 se
690 1485 866 1528 Famam
907 1486 1151 1531 Sanctitatis
1184 1486 1319 1529 relate
1351 1486 1405 1529 ad
1446 1486 1625 1530 Servam
1673 1484 1752 1528 Dei
1798 1485 2001 1528 Sororem
2046 1486 2144 1528 Ma-

613 1545 722 1589 riam
757 1546 812 1589 ab
847 1547 1169 1597 incarnatione,
1196 1562 1383 1605 eamque
1416 1554 1712 1597 constantem,
1751 1544 2057 1595 universalem,
2095 1546 2140 1589 in

613 1606 708 1651 dies
740 1616 1057 1665 augescentem,
1081 1616 1123 1650 et
1156 1607 1275 1667 quod
1319 1607 1557 1651 maximum
1594 1616 1672 1659 est,
1710 1621 1761 1649 ex
1793 1604 1974 1649 heroicis
2013 1606 2143 1649 Eius-

614 1668 715 1712 dem
753 1668 984 1712 virtutibus
1019 1668 1263 1712 derivatam
1310 1676 1438 1727 atque
1487 1669 1662 1726 insuper
1701 1666 1897 1724 supernis
1945 1666 2141 1711 innixam

614 1728 963 1779 charismatibus,
1020 1744 1172 1773 verum
1207 1729 1339 1773 etiam
1375 1728 1621 1773 huiusmodi
1672 1731 1852 1772 Famam
1903 1743 1987 1770 non
2032 1728 2141 1772 adeo

613 1804 707 1832 esse
745 1789 1007 1847 genericam,
1047 1790 1110 1833 uti
1150 1790 1273 1848 fingit
1301 1791 1462 1833 Censor
1493 1790 1689 1848 egregius
1710 1823 1720 1839 ‚
1749 1798 1794 1832 ut
1823 1788 1930 1831 nihil
1958 1789 2139 1832 omnino

613 1850 705 1893 sive
740 1850 794 1893 de
827 1851 1079 1901 virtutibus,
1108 1851 1196 1894 sive
1235 1851 1292 1894 de
1331 1866 1480 1894 earum
1517 1851 1684 1893 actibus
1718 1865 1796 1907 per
1826 1848 1972 1906 iugem
2006 1849 2139 1893 tradi-

618 1911 779 1954 tionem
814 1911 870 1954 ad
922 1921 1114 1969 posteros
1147 1912 1387 1956 deductum
1433 1912 1576 1955 suerit.
1614 1911 1722 1954 Hinc
1756 1909 1910 1953 iniuria
1956 1926 2137 1969 prorsus

613 1971 731 2016 idem
754 1972 1041 2017 Adversarius
1064 1973 1249 2017 eximius
1268 1972 1559 2016 admiratione
1581 1972 1766 2031 percitus
1797 1971 1995 2029 queritur
2020 1972 2142 2029 quod

612 2048 713 2076 cum
749 2041 825 2084 tot,
858 2050 907 2077 ac
943 2042 1062 2078 tanta
1097 2035 1228 2079 Serva
1266 2033 1345 2076 Dei
1379 2033 1434 2077 de
1467 2034 1552 2077 suis
1587 2032 1822 2076 virtutibus
1843 2065 1853 2083 ,
1885 2040 1928 2075 et
1977 2033 2137 2076 charis-

613 2095 803 2138 matibus
836 2095 1104 2153 scripsisset,
1143 2096 1298 2139 horum
1350 2094 1468 2139 nulia
1517 2094 1635 2153 apud
1668 2109 1766 2137 suos
1809 2093 2015 2136 manserit
2049 2109 2140 2137 me-

612 2156 769 2199 moria.
792 2157 880 2199 Hoc
909 2170 1102 2217 namque
1135 2156 1243 2200 sacto
1275 2155 1538 2199 contrarium
1571 2170 1747 2215 prorsus
1780 2169 1873 2198 esse
1909 2161 2001 2197 tum
2026 2169 2140 2212 quae

615 2217 836 2275 hucusque
868 2219 1031 2276 protuli
1067 2218 1228 2261 invicte
1251 2216 1568 2267 demonstrant,
1608 2225 1698 2259 tum
1724 2230 1828 2258 vero
1861 2214 1993 2259 etiam
2016 2231 2140 2274 aper-

615 2277 777 2321 tissime
809 2278 998 2321 ostendit
1027 2278 1241 2337 depositio
1273 2278 1411 2321 Testis
1445 2280 1531 2321 XX
1554 2294 1668 2336 quae
1693 2278 1954 2333 interrogata
1989 2292 2041 2319 an
2063 2277 2140 2320 aii-

613 2338 719 2397 quid
755 2339 856 2382 sciat
890 2339 946 2383 de
980 2341 1113 2384 Fama
1147 2339 1391 2385 Sanctitatis
1439 2341 1600 2385 Sei-vae
1635 2338 1715 2382 Dei
1763 2336 1822 2380 ita
1855 2336 1909 2380 ad
1946 2351 2039 2380 rem
2073 2353 2140 2381 re-

612 2400 821 2457 spondit:
865 2421 881 2440 «
922 2401 1062 2445 Credo
1102 2400 1178 2444 che
1226 2408 1336 2444 tutte
1383 2401 1422 2443 ic
1458 2400 1683 2445 tradizioni
1734 2398 1779 2442 di
1824 2397 2006 2456 qualche
2045 2400 2142 2442 Μο-

623 2480 638 2499 ·
670 2469 841 2505 nastero
875 2461 996 2505 siano
1039 2462 1085 2506 di
1123 2463 1177 2506 tal
1213 2470 1365 2505 natura
1403 2461 1459 2505 da
1508 2461 1779 2506 confermare
1830 2459 1869 2502 ia
1913 2459 2047 2502 Fama
2096 2460 2141 2503 di

620 2541 636 2560 ι
664 2522 846 2574 Santita,
874 2538 898 2565 e
933 2522 976 2566 di
1001 2522 1118 2567 virtu
1150 2522 1321 2566 eroiehe
1354 2521 1467 2567 detta
1501 2530 1643 2566 nostra
1673 2520 1938 2565 Venerabile
1972 2519 2135 2564 Madre.

618 2603 635 2620 ι
664 2584 744 2627 Noi
770 2583 1008 2628 calchiamo
1042 2585 1082 2628 la
1115 2592 1246 2628 stessa
1296 2590 1411 2627 terra
1444 2584 1523 2628 che
1556 2599 1649 2628 essa
1675 2583 1727 2626 ha
1751 2581 1936 2639 bagnato
1955 2581 2026 2625 de'
2045 2581 2139 2625 suoi

619 2665 634 2681 ι
664 2645 829 2696 sudori,
867 2644 1079 2689 abitiamo
1120 2646 1229 2689 nelle
1262 2660 1383 2688 mura
1421 2646 1512 2690 due
1546 2645 1662 2689 volte
1701 2643 1757 2686 da
1797 2643 1896 2686 Essa
1931 2643 2135 2686 costruite

620 2725 636 2745 ι
665 2706 774 2750 colia
801 2707 889 2750 sola
924 2706 1079 2751 risorsa
1114 2706 1226 2750 detta
1275 2721 1350 2749 sua
1382 2706 1497 2750 Fede
1519 2741 1529 2758 ,
1568 2722 1591 2749 e
1630 2705 1746 2750 delia
1788 2719 1865 2747 sua
1899 2703 2060 2748 fiducia
2095 2704 2139 2747 in

737 2828 802 2888 (¹1)
836 2829 990 2872 summ.
1025 2845 1127 2887 paq.
1166 2829 1241 2872 68.
1281 2828 1341 2871 69
1374 2827 1417 2888 S.
1456 2827 1622 2871 78-84.

736 2890 801 2950 (2)
836 2891 989 2935 Summ.
1024 2906 1127 2949 paq.
1169 2889 1378 2933 167-468
1410 2889 1456 2950 S.
1493 2889 1569 2933 25.
