2696 3600
2042 274 2101 318 5⁷

605 371 621 388 »
649 350 693 394 (ἰί
727 366 873 394 amore
908 351 930 393 it
967 350 1094 410 quale
1127 349 1150 391 e
1184 348 1238 391 ad
1272 348 1359 391 Essi
1395 348 1544 405 eguale
1570 346 1611 389 in
1636 347 1736 404 ogni
1761 360 1856 388 cosa
1882 345 2101 403 parimen-

612 431 628 450 ι
660 411 707 455 ti.
742 412 833 455 Una
870 412 923 454 tal
960 412 1067 454 vista
1100 409 1236 452 forma
1271 408 1306 451 ia
1341 407 1612 452 beatitudine
1645 406 1746 449 dett’
1767 406 1928 449 anime.
1979 428 1994 445 »ι
2037 408 2100 451 Ex

605 472 682 515 hac
715 488 843 530 pom-o
876 469 1242 527 contemplatione
1275 468 1462 518 assidua,
1499 477 1542 512 et
1567 466 1855 510 intensissima
1880 467 2101 525 mysterio-

608 546 702 575 rum
736 532 1039 576 Sanctissimae
1072 528 1304 585 Religionis
1340 536 1507 571 nosti-ae
1542 528 1602 571 uti
1636 543 1687 570 ex
1721 527 1860 571 allatis
1900 536 2096 579 constat,

608 593 763 635 factum
798 601 862 635 est
895 591 1010 649 quod
1034 591 1077 633 S.
1099 591 1404 632 nonaveniura
1438 596 1651 632 asseverat
1682 587 1827 647 quoad
1854 587 2099 632 inediiatio-

602 667 702 695 nem
736 653 857 696 cuius
892 652 1052 694 fructus
1085 658 1126 693 et
1158 648 1255 691 finis
1287 656 1351 691 est
1383 650 1477 691 Deo
1511 648 1745 691 adhaerere
1765 682 1773 698 ‚
1828 665 1962 692 unum
1997 663 2096 692 cum

606 714 665 755 Eo
698 712 897 770 spii-itum
933 711 1043 760 lieri,
1083 725 1157 766 per
1191 708 1538 766 liquefactionem
1576 708 1789 765 purissimi
1828 709 2001 752 anioiis.
2050 710 2101 752 Et

607 788 708 815 sane
743 773 891 815 intima
916 772 1024 815 adeo
1048 770 1197 820 evasit,
1219 777 1258 811 et
1284 776 1399 812 areta
1425 768 1525 811 unio
1548 768 1687 812 cordis
1711 771 1870 811 Sei-vac
1894 769 1976 812 Dei
1999 784 2097 813 cum

604 833 732 875 corde
766 834 858 874 iesu
895 841 935 875 ut
968 847 1042 875 cm·
1078 846 1208 872 unuin
1246 838 1480 887 uti-unique
1515 836 1655 886 posset
1687 828 1845 878 videri,
1882 829 1943 871 uti
1978 831 2101 873 Sum-

607 891 731 934 marii
767 893 938 935 tabulae
972 890 1142 948 copiose
1177 897 1403 932 testantur.

484 951 588 994 ¹104.
628 952 850 994 Evincitui·
882 967 1058 1010 quoque
1090 950 1260 993 hei-oica
1283 951 1444 994 Sorvae
1469 948 1548 991 Dei
1577 947 1770 991 Charitas
1803 964 1855 991 cx
1888 949 1978 992 zelo
2002 964 2104 994 vere

605 1012 850 1069 Apostolico
884 1028 968 1070 quo
1005 1011 1084 1053 Dei
1107 1011 1287 1069 gloriani
1313 1024 1637 1069 usquequaque,
1665 1017 1704 1050 et
1728 1009 1912 1052 salutem
1938 1010 2104 1053 anima-

606 1088 701 1114 ruin
740 1072 1033 1116 indesinenter
1064 1071 1289 1129 quaesivit.
1327 1070 1506 1114 Omissis
1541 1071 1590 1112 iis
1624 1085 1733 1127 quae
1758 1068 1869 1121 fecit,
1901 1071 2095 1128 pertulit,

605 1148 827 1189 aggressus
860 1142 920 1176 est
973 1132 1130 1175 invicta
1173 1131 1306 1175 aninii
1343 1130 1602 1174 fortitudine
1635 1130 1747 1173 dicta
1783 1130 1839 1173 de
1871 1146 1998 1175 causa
2031 1148 2105 1175 au-

607 1193 775 1237 diamus
809 1193 914 1251 quid
947 1193 1001 1236 de
1039 1192 1284 1236 huiusmodi
1318 1194 1479 1237 Sorvae
1515 1190 1591 1234 Dei
1626 1191 1714 1233 zelo
1739 1193 2104 1235 nai·1·atTestisX

607 1269 717 1311 quac
751 1253 928 1311 quidem
965 1254 1153 1312 (Summ.
1175 1267 1295 1296 num.
1318 1254 1379 1295 lx
1413 1267 1511 1310 pag.
1538 1250 1616 1308 94)
1641 1252 1745 1294 haec
1767 1251 1944 1294 rosei-L«
1975 1253 2004 1295 ΙΙ
2028 1268 2106 1296 suo

612 1334 626 1350 n
656 1314 745 1356 zelo
768 1315 1102 1372 cora-ispondeva
1127 1314 1211 1357 alla
1235 1312 1545 1371 magnanimita
1569 1311 1639 1355 (101
1662 1328 1737 1355 suo
1773 1326 1940 1355 amore.
1968 1314 2011 1356 10
2044 1314 2106 1356 mi

611 1393 626 1411 »ι
657 1374 821 1431 riperto
856 1390 878 1417 a
912 1374 974 1417 cio
1008 1375 1086 1417 che
1122 1375 1175 1417 1ιο
1211 1375 1277 1430 gia
1311 1374 1432 1417 detto
1467 1372 1507 1415 in
1542 1373 1766 1431 parcccnie
1801 1373 2098 1418 testimonian-

611 1453 627 1473 ι
654 1450 717 1485 ze,
733 1434 926 1477 sehbene
960 1450 1114 1478 ancora
1138 1434 1179 1476 vi
1216 1434 1323 1477 fosse
1356 1434 1489 1476 molto
1513 1449 1536 1476 a
1559 1434 1668 1477 dire.
1696 1435 1755 1477 La
1777 1450 1852 1476 sua
1875 1442 1968 1478 sete
1989 1435 2105 1478 delia

612 1515 626 1532 ι
657 1496 790 1537 salute
825 1495 939 1538 delle
973 1495 1117 1537 anime
1152 1494 1439 1550 ricomperate
1461 1493 1525 1535 col
1548 1495 1717 1550 Sangue
1739 1494 1783 1537 di
1807 1495 1920 1538 Gesu
1945 1496 2098 1547 Cristo,

612 1575 627 1592 »
659 1570 743 1598 non
778 1554 948 1598 avendo
983 1554 1136 1605 limite,
1163 1554 1255 1597 Ena
1289 1554 1330 1596 su
1366 1569 1443 1596 con
1479 1552 1506 1595 il
1530 1553 1762 1604 desiderio,
1791 1569 1815 1596 e
1837 1570 1916 1597 con
1942 1556 1982 1598 te
2013 1572 2107 1614 pve—

611 1635 625 1652 ·›
656 1616 802 1673 ghicre
836 1616 1074 1674 l'Apostolo
1107 1615 1178 1659 (101
1215 1615 1371 1658 mondo
1406 1614 1561 1664 intere,
1591 1629 1659 1657 ma
1682 1615 1709 1658 il
1734 1621 1811 1657 suo
1834 1615 2017 1673 speciale
2039 1632 2099 1660 sa·

612 1697 625 1713 υ
655 1675 814 1720 orificio
851 1677 918 1734 pei
952 1676 1097 1735 popoli
1121 1676 1220 1720 dell’
1242 1675 1460 1725 America,
1487 1689 1565 1732 pei·
1587 1690 1661 1732 qu(
1697 1683 1736 1718 ta
1759 1674 1913 1719 Chiesa
1936 1676 2007 1720 (1οΙ
2030 1678 2107 1721 Ca-

613 1757 628 1773 »
658 1736 769 1779 nuda
804 1737 851 1779 in'
881 1737 1134 1795 particolare
1168 1735 1281 1780 neila
1313 1736 1443 1795 quale
1478 1735 1520 1778 su
1554 1735 1655 1778 chia*
1681 1744 1764 1779 nata
1800 1753 1822 1779 a
1848 1737 2101 1794 travagliare

612 1817 625 1833 »τ
655 1798 711 1841 da
746 1797 828 1840 Dio
862 1798 1082 1841 mediante
1116 1812 1201 1841 una
1242 1797 1273 1839 si
1323 1795 1624 1854 meravigliosa
1658 1797 1917 1848 vocazione,
1957 1798 2009 1842 ha
2044 1815 2102 1842 un

610 1878 624 1894 »
658 1858 876 1916 impu-outa
910 1858 952 1901 di
990 1858 1299 1914 magnanimita
1334 1873 1358 1901 0
1380 1857 1425 1900 di
1449 1857 1635 1899 eroismo
1657 1857 1984 1902 sti-aordinai·io.
2011 1861 2105 1903 Non

611 1939 626 1956 »
656 1927 823 1962 estante
860 1920 870 1961 i
905 1919 1086 1976 travagF,
1120 1919 1174 1962 da
1209 1918 1275 1963 cni
1309 1920 1409 1961 Essa
1444 1917 1598 1960 vcniva
1632 1933 1851 1976 oppressa,
1890 1918 1983 1962 Eua
2022 1928 2105 1963 tro-

611 2000 627 2017 »
659 1994 764 2022 vava
801 1996 942 2022 mezzo
976 1980 1019 2022 (Ιί
1054 1979 1382 2037 etri-ispondem
1415 1978 1481 2022 coi
1518 1978 1767 2022 Missionarii
1802 1980 1916 2022 ondc
1950 1996 2107 2024 conso-

610 2060 626 2077 »
657 2039 767 2089 tan-ti,
794 2040 850 2083 ed
876 2040 1166 2098 incoraggiarii
1194 2040 1306 2083 nesse
1330 2041 1421 2083 lon-o
1447 2038 1617 2082 fatiche.
1645 2039 1733 2083 Etla
1758 2039 1906 2084 saceva
1933 2040 2005 2083 dei
2040 2057 2105 2085 sa-

612 2122 627 2138 »
656 2100 716 2143 cri
751 2100 910 2151 arretii,
947 2101 1060 2144 delle
1094 2100 1239 2143 divote
1273 2100 1454 2158 pitture,
1493 2099 1606 2142 onde
1638 2109 1819 2143 atti-arre
1861 2116 1941 2144 eon
1978 2115 2105 2160 mag-

611 2180 626 2198 »
656 2160 774 2218 giore
807 2161 1053 2219 agevoiezza
1087 2162 1141 2218 gli
1177 2161 1350 2205 inl'edeti
1386 2162 1469 2204 aila
1503 2160 1617 2203 fede.
1644 2161 1681 2203 A
1705 2161 1881 2204 voden-la
1905 2161 2106 2206 aliietarsi

610 2242 625 2258 »
655 2221 725 2264 dei
761 2222 850 2264 loro
883 2222 1060 2265 successi
1095 2222 1312 2265 sai-ebhesi
1347 2221 1468 2264 detto
1502 2221 1580 2263 che
1615 2220 1670 2264 da
1703 2221 1777 2263 Lei
1811 2229 1940 2265 stessa
1966 2222 1998 2265 si
2023 2222 2106 2267 sos-

610 2302 626 2319 »
654 2296 749 2324 sero
782 2282 1033 2339 const-guiti.
1058 2302 1074 2319 »

482 2342 588 2385 105.
626 2341 710 2396 Qui
744 2341 924 2399 quidem
958 2342 1072 2385 zelus
1107 2358 1182 2400 pro
1218 2342 1298 2385 Dei
1331 2342 1484 2401 gloria,
1522 2349 1565 2384 et
1598 2341 1733 2385 salute
1757 2342 2002 2386 animai-um
2035 2344 2107 2387 dc-

608 2402 764 2445 sidmio
797 2410 840 2445 et
873 2408 971 2445 voto
1005 2403 1048 2445 in
1083 2404 1213 2446 Seu-va
1250 2403 1326 2446 Dei
1360 2403 1491 2446 etiam
1527 2402 1640 2445 ultra
1674 2402 1788 2446 vitae
1822 2403 1922 2447 Eius
1958 2406 2104 2449 termi-

606 2477 710 2505 num
744 2479 997 2521 progressus
1031 2471 1091 2506 est
1127 2463 1250 2507 sicuti
1286 2472 1429 2507 nai-vat
1465 2462 1601 2506 Testis
1639 2464 1679 2506 X
1716 2463 1905 2523 (Summ.
1930 2482 1974 2509 n.
1996 2467 2101 2509 xlx

608 2539 707 2581 pag.
746 2524 849 2566 45⁶2..
883 2545 898 2562 «
928 2525 985 2567 La
1019 2525 1152 2569 Serva
1185 2524 1230 2568 di
1264 2525 1347 2568 Dio
1382 2524 1612 2582 pei-severo
1645 2524 1736 2567 sino
1769 2525 1851 2569 alia
1876 2525 1962 2570 [ine
1992 2527 2105 2570 uena

611 2606 626 2622 n
656 2584 940 2643 disposizione
973 2584 1018 2628 di
1056 2600 1138 2629 una
1173 2586 1342 2630 vittima
1376 2585 1417 2628 la
1450 2585 1578 2643 qualo
1614 2585 1789 2629 attende
1823 2586 1848 2629 ii
1883 2596 2105 2632 momento

612 2666 627 2683 ι»
658 2646 727 2689 (101
761 2645 981 2689 sacrifizio.
1021 2647 1113 2689 Non
1146 2654 1344 2690 contenta
1379 2646 1424 2689 di
1458 2661 1586 2689 avere
1611 2645 1831 2691 immolata
1855 2648 1894 2691 la
1918 2648 1998 2691 'sua
2020 2649 2106 2692 vita

614 2727 628 2745 n
659 2707 774 2749 netto
807 2707 1006 2750 esen-cizio
1040 2706 1153 2750 delio
1189 2708 1279 2751 zelo
1314 2707 1338 2750 ἰΙ
1375 2707 1452 2765 piu
1487 2707 1681 2759 ardente,
1718 2708 1809 2752 Ena
1837 2708 2059 2753 domando
2080 2726 2104 2753 a

611 2788 626 2805 »
657 2767 739 2810 Dio
785 2783 860 2825 pei·
905 2768 1154 2827 Purgatoxio
1196 2769 1312 2827 dopo
1347 2769 1388 2812 la
1422 2784 1496 2811 sua
1529 2777 1668 2812 morte
1700 2768 1742 2812 di
1778 2769 1943 2813 andare
1982 2787 2005 2813 a
2036 2770 2101 2814 di-

610 2849 625 2867 »
653 2843 801 2887 sporre
823 2828 862 2871 10
886 2829 1048 2873 nazioni
1073 2830 1259 2873 hai-hare
1283 2829 1336 2873 ad
1361 2828 1638 2873 abbi-aeciam
1662 2829 1701 2873 la
1722 2830 1855 2882 Fede,
1873 2830 1919 2874 di
1943 2846 2105 2875 accom-

611 2908 626 2927 a
655 2905 845 2947 pugnare
880 2890 890 2932 i
926 2890 1175 2942 Missionari,
1213 2891 1257 2934 (Ιί
1292 2891 1509 2949 ascingam
1545 2891 1555 2934 i
1590 2891 1681 2934 loro
1713 2891 1878 2943 sudori,
1915 2892 1972 2936 ed
1995 2892 2104 2936 ecci-

1831 2966 1860 3008 8
