2744 3584
813 241 874 287 94

813 316 1059 375 pationibus
1094 325 1260 376 tempus
1295 334 1379 363 non
1414 317 1454 362 in
1491 318 1713 379 colloquiis
1746 318 1888 370 vanis,
1916 328 1957 363 et
1995 316 2304 363 visitationibus

811 378 1038 423 inutilibus
1058 380 1238 430 terebat,
1263 380 1336 424 sed
1356 381 1496 438 potius
1511 380 1689 424 orationi
1708 380 1855 432 dabat,
1889 387 1931 423 et
1953 379 2180 424 divinat-un
2201 394 2300 438 per·

811 439 1042 484 sectionum
1075 441 1443 498 contemplationi.
1470 441 1608 485 Testis
1631 443 1723 485 Vll.
1750 439 1939 500 (Summ.
1960 439 2066 483 ibid.
2104 456 2202 498 pag.
2229 440 2298 498 9.)

820 520 833 537 ιι
865 500 953 543 Ella
993 498 1055 557 (S.
1093 501 1170 559 D.)
1210 501 1419 545 ascoltava
1453 501 1491 545 la
1529 503 1656 546 Santa
1700 504 1830 546 Messa
1863 501 1904 544 in
1933 500 2099 544 ciascun
2131 501 2299 558 giorno,

820 581 835 597 ι
865 576 889 603 e
927 567 1101 603 trovava
1122 560 1160 604 le
1177 576 1251 604 sue
1273 561 1423 606 delizie
1459 562 1568 606 nella
1597 564 1727 607 Santa
1771 561 2057 613 Comuuione,
2100 576 2182 604 nou
2217 576 2306 603 sor-

820 639 836 658 ·
865 620 1051 664 teudone
1074 620 1275 678 giammai
1307 638 1430 666 senza
1466 623 1780 681 spei-imentare
1817 621 2225 667 un’accrescimcnto
2260 620 2304 663 di

820 702 835 717 ι·
864 679 1075 731 domena,
1113 697 1136 724 e
1170 682 1213 726 di
1256 684 1415 727 soavita
1455 698 1575 726 verso
1618 683 1644 727 il
1680 683 1907 742 prossimo,
1950 681 2005 726 cd
2038 696 2094 725 un
2130 680 2301 725 novello

821 762 835 778 ι
864 741 1062 800 coraggio
1096 758 1173 800 per
1209 752 1456 802 supportare
1495 744 1532 787 le
1568 760 1642 788 sue
1675 744 1800 788 croci.
1850 744 1938 787 Ella
1977 756 2081 785 avea
2109 742 2300 799 regolato

822 822 837 840 ι
867 801 903 844 la
937 817 1011 845 sua
1051 818 1142 846 casa
1188 803 1232 847 di
1274 805 1463 848 inaniora
1499 804 1581 847 tale
1619 804 1674 848 da
1720 805 1822 848 l'arvi
1859 817 2040 861 regnare
2083 800 2264 846 l'ordlne
2287 834 2297 851 ,

823 882 838 899 ι
866 861 919 904 ed
954 862 979 905 il
1021 862 1171 907 timore
1219 863 1261 907 di
1303 865 1401 908 Dio.
1459 866 1556 908 Essa
1601 881 1684 908 non
1725 865 1756 908 si
1801 880 1951 909 recavo
1987 878 2010 906 a
2066 862 2154 906 fare
2185 861 2302 906 delle

822 942 837 960 .
868 921 989 966 visite
1026 922 1177 975 inutili,
1216 939 1285 967 ma
1316 925 1347 968 si
1388 925 1581 983 riposava
1612 925 1724 969 delle
1772 942 1848 970 sue
1882 923 2036 969 fatiche
2058 958 2067 974 ‚
2109 922 2173 966 col
2210 937 2305 981 pre-

824 1004 838 1019 n
866 998 981 1041 gare,
1024 999 1046 1026 e
1084 984 1146 1027 col
1203 985 1411 1030 meditare
1445 987 1487 1030 in
1533 986 1627 1029 Dio.
1674 986 1877 1030 Rendexa
1911 986 1949 1029 al
1984 1000 2060 1027 suo
2108 990 2303 1027 consorte

825 1063 839 1078 n
867 1044 962 1085 tutti
1005 1043 1014 1085 i
1055 1045 1209 1104 servigi
1232 1078 1241 1096 ,
1279 1062 1301 1088 e
1340 1055 1450 1091 tutto
1481 1048 1507 1091 il
1546 1047 1746 1105 possibile
1781 1047 1988 1106 rispetto,
2023 1042 2305 1089 mostrundosi

824 1124 838 1138 ν·
866 1119 1037 1161 sempre
1059 1105 1100 1149 d'
1119 1121 1177 1149 un
1208 1106 1351 1150 indole
1371 1108 1482 1167 gaia,
1505 1124 1528 1151 e
1546 1123 1695 1151 serena
1716 1115 1954 1165 temperata
1972 1105 2026 1149 da
2047 1119 2131 1149 una
2155 1104 2307 1161 rispet-

825 1184 839 1199 -
865 1173 951 1207 tosa
977 1166 1185 1222 gravita.»
1213 1168 1315 1223 Quis
1342 1184 1425 1211 noo
1448 1168 1609 1225 detegit
1627 1168 1668 1210 in
1687 1166 1931 1211 huiusmodi
1956 1165 2098 1208 verbis
2114 1163 2153 1206 in
2177 1166 2309 1208 Serva

821 1224 899 1267 Dei
937 1225 1170 1269 maximum
1207 1229 1407 1271 eastitatis
1441 1242 1630 1271 umorem
1672 1235 1877 1286 ‹piantum
1914 1235 2059 1270 tamen
2092 1240 2186 1268 eum
2239 1223 2310 1267 illo

821 1285 1003 1343 coniugii
1051 1294 1158 1330 statu
1211 1296 1375 1345 poterat
1410 1287 1660 1332 conciliari?
1708 1288 1793 1332 Sed
1829 1286 2054 1330 videamus
2100 1293 2310 1344 quantum

819 1342 933 1388 idem
958 1354 1051 1404 post
1083 1348 1348 1406 coniugium,
1388 1349 1697 1393 incrementum
1733 1348 1961 1407 acceperit.

708 1401 809 1445 179.
846 1406 891 1447 111
926 1406 1062 1449 lucem
1096 1408 1213 1451 edito
1245 1410 1405 1455 Servae
1440 1410 1517 1453 Dei
1555 1408 1659 1458 titio,
1699 1409 1786 1452 vita
1819 1408 1947 1467 paulo
1982 1415 2078 1465 post
2122 1405 2311 1463 fungitur

825 1466 888 1509 vir
922 1466 1046 1510 illius.
1084 1470 1195 1512 llaec
1234 1470 1361 1513 vidua
1396 1478 1589 1527 superest
1627 1471 1669 1512 in
1712 1469 1849 1528 primo
1888 1467 2121 1513 iuventutis
2168 1466 2272 1509 flore
2297 1498 2306 1515 ‚

823 1527 1018 1571 nondum
1061 1529 1174 1572 enim
1223 1539 1426 1588 quartum
1469 1530 1620 1574 aetatis
1665 1530 1846 1574 lustrum
1886 1529 2171 1587 expleverat,
2209 1526 2306 1569 binc

820 1594 937 1630 aetas
970 1596 1011 1631 et
1045 1589 1241 1647 egregiae
1275 1591 1424 1641 animi,
1459 1599 1502 1634 et
1536 1590 1728 1648 corporis
1760 1590 1880 1635 dotes
1915 1589 2071 1633 multos
2103 1587 2309 1635 alliciunt,

821 1655 949 1706 atque
984 1650 1201 1693 attrahunt
1233 1652 1361 1695 etiam
1397 1667 1449 1695 ex
1486 1651 1583 1695 viris
1616 1652 1770 1709 quovis
1801 1651 1883 1695 sub
1916 1658 2112 1708 respectu
2145 1654 2310 1706 specta·

824 1708 995 1752 tissimis
1027 1709 1076 1752 ad
1112 1710 1422 1771 exquirendas,
1460 1720 1501 1755 et
1534 1711 1740 1770 optandas
1787 1710 1980 1755 eiusdem
2030 1708 2217 1767 nuptias,
2254 1709 2306 1751 At

824 1768 896 1811 ttta
931 1769 1109 1813 liberam
1158 1787 1204 1815 se
1237 1788 1259 1815 a
1293 1772 1446 1817 saeculi
1481 1772 1643 1831 laqueis
1678 1787 1908 1831 agnoscens
1946 1770 2083 1814 fidetis
2127 1768 2312 1827 promis-

820 1828 930 1872 sioni
966 1830 1048 1873 iam
1084 1847 1184 1876 suae
1217 1833 1409 1890 genitrici
1449 1834 1582 1877 l'aetae
1614 1834 1880 1892 Religionem
1929 1829 2228 1890 ingrediendi,
2267 1836 2306 1871 et

823 1888 1068 1934 devovendi
1096 1908 1141 1935 se
1174 1895 1283 1944 Deo,
1309 1893 1551 1938 huiusmodi
1574 1894 1900 1950 promissionem
1942 1906 2167 1936 removans
2189 1889 2310 1933 obla-

824 1958 885 1992 tas
918 1951 1071 1995 alteras*
1103 1954 1273 2012 nuptias
1305 1955 1493 1998 et-siamsi
1530 1954 1652 1996 utiles
1687 1954 1888 2004 maxime,
1916 1961 1954 1996 et
1991 1953 2186 1995 honestas
2209 1964 2312 1994 eon-

821 2011 1083 2056 stantissime
1129 2016 1357 2058 recusavit.
1396 2015 1650 2059 tim-antibus
1689 2031 1790 2058 vero
1833 2014 1926 2059 eius
1975 2012 2223 2071 parentibus
2272 2017 2315 2052 et

824 2072 1079 2130 propinquis
1111 2074 1482 2119 sollicitationibus
1514 2083 1556 2118 ct
1591 2076 1791 2133 precibus
1825 2085 1867 2119 ut
1902 2087 2122 2117 assensum
2150 2073 2312 2116 Sei-vae

824 2131 903 2173 Dei
939 2134 1016 2176 bac
1040 2133 1079 2176 in
1101 2149 1145 2177 re
1168 2135 1429 2184 obtinerent.
1458 2137 1549 2194 lpsa
1582 2134 1637 2178 ad
1670 2150 1790 2194 spem
1824 2134 2063 2195 ‹piamlibet
2082 2132 2162 2176 illis
2185 2145 2310 2189 prue-

819 2191 1066 2244 videndam,
1094 2203 1329 2253 perpetuae
1362 2197 1562 2240 castitatis
1597 2205 1742 2240 votum
1778 2196 2071 2240 annuentibus
2091 2208 2190 2237 suae
2213 2206 2314 2235 eon-

818 2252 1022 2297 scientiae
1057 2254 1399 2300 moderatoribus
1433 2257 1587 2300 emisit.
1624 2258 1761 2301 Testis
1781 2259 1873 2302 Vll.
1901 2257 2042 2315 (Sum.
2069 2269 2187 2297 num.
2237 2252 2311 2294 ΙΙΙ.

820 2327 917 2371 pag.
957 2315 973 2357 ’1
994 2314 1053 2373 ἱ.)
1094 2337 1108 2354 ι
1131 2316 1258 2360 Omle
1294 2333 1371 2375 per
1406 2316 1489 2361 line
1521 2335 1544 2361 a
1581 2318 1638 2361 tal
1659 2326 1774 2361 sorta
1807 2317 1849 2361 di
1886 2312 2315 2375 proposizioni(alte-

832 2393 846 2410 υ
877 2390 942 2417 ras
988 2376 1160 2420 incundi
1197 2377 1387 2436 nuptias)
1423 2377 1476 2420 eil
1511 2378 1677 2421 avendo
1721 2386 1852 2422 avuto
1889 2378 1914 2421 il
1949 2390 2152 2420 consenso
2197 2372 2311 2416 della

830 2453 845 2470 w
873 2450 947 2479 sua
966 2436 1095 2494 guida
1131 2438 1370 2495 spirituale,
1402 2439 1514 2483 dalla
1545 2439 1782 2483 medesima
1805 2453 1942 2482 venne
1981 2451 2143 2481 vmesso
2167 2435 2192 2477 it
2220 2440 2318 2476 voto

829 2516 842 2530 ·=
872 2495 916 2539 di
950 2497 1095 2540 castita
1129 2507 1354 2556 perpetua.
1392 2500 1485 2542 Non
1522 2500 1765 2543 trovandosi
1800 2500 1931 2543 allora
1964 2498 2040 2542 che
2089 2496 2197 2540 nella
2247 2495 2314 2537 eta

827 2575 844 2592 υ
871 2556 913 2598 (Ιί
947 2558 1045 2600 anni
1083 2568 1286 2602 ventuno.
1323 2561 1404 2603 Era
1439 2560 1505 2617 gia
1540 2559 1594 2603 (la
1628 2560 1759 2618 lungo
1793 2568 1936 2619 tempo
1968 2559 2022 2603 (la
2055 2558 2132 2602 ebe
2154 2556 2208 2600 da
2239 2553 2311 2597 Lei

828 2636 845 2653 υ
872 2617 1113 2661 bramavasi
1147 2620 1189 2662 ‹li
1215 2629 1421 2664 emettere
1454 2629 1614 2664 cotesto
1636 2629 1750 2673 voto,
1778 2620 1829 2663 ed
1867 2623 1962 2664 Essa
1987 2620 2200 2677 aggiunge
2238 2615 2316 2658 che

828 2695 843 2713 ι
874 2677 914 2719 in
959 2687 1116 2723 cotesta
1160 2681 1380 2724 occasione
1423 2681 1573 2738 grandi
1624 2682 1763 2740 grazie
1799 2681 1836 2724 le
1887 2696 2075 2724 vennero
2121 2688 2317 2722 concesse

828 2756 844 2773 ι
873 2737 926 2781 ‹ta
961 2741 1111 2783 Nostro
1145 2742 1342 2799 Signore.
1372 2761 1387 2780 ι
1428 2743 1537 2785 llaec
1570 2751 1717 2785 autem
1753 2742 1809 2785 ita
1843 2751 1935 2786 sunt
1973 2739 2213 2799 perspicua,
2252 2744 2313 2779 ²¹¹·

821 2812 907 2855 que
941 2799 995 2843 ita
1030 2801 1184 2845 invicte
1217 2817 1408 2846 amorem
1443 2805 1601 2846 Sorvae
1637 2803 1713 2846 Dei
1749 2819 1847 2861 erga
1871 2803 2107 2846 castitatem
2134 2800 2317 2844 demon-

828 2868 955 2903 strant
996 2870 1036 2903 ut
1073 2878 1150 2904 nee
1183 2863 1437 2906 commvntis
1458 2896 1467 2914 ‚
1500 2878 1575 2906 nee
1599 2863 1879 2922 explicatione
1904 2864 1989 2907 ullu
2014 2862 2248 2921 indigeant.
