2608 3584
2083 297 2132 341 Ἠ

642 363 760 412 dono
795 367 910 415 iuxta
945 368 1049 415 ittud
1082 370 1278 429 Apostoli
1312 370 1433 416 Pauli
1467 371 1523 415 ad
1555 369 1745 440 Philipp.
1769 369 1802 412 1
1843 388 1860 407 ι
1900 367 2035 413 Vobis
2068 369 2146 413 do-

652 437 801 472 natum
833 439 931 475 est..
922 463 954 476 ..
989 438 1035 474 ut
1068 431 1110 475 in
1137 431 1276 489 ipsum
1300 431 1499 476 credatis.
1513 452 1530 472 ι
1566 433 1653 476 Nec
1687 430 1844 474 mirum
1870 430 1988 488 quod
2023 428 2145 475 firma

649 487 811 533 debeat
841 506 932 536 csse
965 499 1106 535 nostra
1139 490 1265 536 Fides
1308 492 1410 551 quia
1444 491 1584 536 nulius
1626 506 1819 536 assensus
1860 490 2025 533 tirmior
2056 504 2147 535 esse

646 557 803 607 potest,
839 561 969 611 quam
1003 551 1075 622 qui
1110 550 1191 610 ipsi
1228 552 1309 596 Dei
1342 552 1563 597 veracitati
1597 552 1810 597 innititur.

526 606 601 651 49.
640 609 727 653 Ιιιιιι
762 625 864 655 vero
896 613 1043 671 quaeri
1078 611 1146 656 hic
1178 620 1316 670 potest
1350 628 1403 657 an
1438 613 1683 657 huiusmodi
1719 612 1923 656 virtutem
1948 611 2147 670 possede-

646 669 700 713 rit
730 671 862 715 Serva
894 672 978 717 Dei
1010 681 1050 716 et
1085 679 1230 716 utrum
1254 673 1458 717 heroico
1448 689 1490 716 ιιι
1516 674 1650 732 gradu
1675 673 1792 716 ittam
1814 671 2071 716 exercuerit.
2091 674 2147 716 At

646 744 835 787 quana-n
868 734 1035 777 ratione
1066 741 1184 778 certo
1206 749 1228 777 ιι
1254 734 1378 777 nobis
1399 741 1541 792 potest
1572 733 1781 803 dignosci,
1801 740 1845 775 et
1877 732 2147 791 deprehendi

644 789 786 835 dictae
821 792 989 837 virtutis
1020 794 1245 838 existentia
1279 809 1392 853 quae
1425 794 1478 838 ad
1517 793 1729 836 interioris
1763 792 1948 836 hominis
1969 799 2144 851 partem

644 851 829 906 pertinet
860 869 937 898 sou
969 853 1020 897 ad
1057 854 1319 898 intellectum
1346 853 1419 914 qui
1451 853 1573 897 Fidei
1608 853 1758 897 habitu
1781 853 2006 896 efformato
2038 853 2143 897 intc-

645 909 777 954 rioies
808 912 1001 958 eiusdem
1023 914 1144 958 Fidei
1179 922 1296 958 aetus
1321 914 1556 958 identidem
1580 913 1714 958 elicit?
1732 912 1879 956 Vidcri
1902 921 2019 956 certo
2044 927 2142 969 pos-

643 977 707 1012 set
740 973 808 1016 vel
841 989 976 1018 unum
1011 975 1150 1019 Deum
1184 974 1257 1033 qui
1290 974 1419 1019 corda
1454 974 1574 1018 novit
1606 973 1818 1024 omniurn,
1844 973 2009 1032 quique
2034 988 2142 1017 unus

646 1028 820 1076 intimos
851 1042 1061 1078 scrutatur
1092 1035 1227 1079 animi
1259 1050 1405 1079 sensus
1441 1050 1562 1094 posse
1593 1034 1736 1078 dictae
1761 1034 1928 1077 virtutis
1960 1033 2143 1076 existen-

654 1088 757 1133 tiam
792 1094 832 1137 in
865 1096 998 1140 Serva
1030 1096 1114 1140 Sua
1149 1110 1393 1154 agnoscere.
1418 1096 1619 1139 Attamen
1654 1102 1696 1138 et
1730 1094 1852 1137 nobis
1884 1093 2039 1137 datum
2079 1102 2143 1137 est

645 1149 736 1194 sine
769 1155 940 1199 errandi
982 1154 1211 1200 formidine
1254 1157 1358 1199 Eam
1396 1155 1751 1214 deprehendere,
1788 1162 1830 1198 et
1870 1154 1987 1198 luins
2021 1154 2142 1197 habi-

646 1216 736 1255 tum
771 1223 813 1258 et
846 1215 1029 1285 gradum
1077 1231 1307 1274 agnoscere
1328 1250 1338 1268 ,
1376 1216 1510 1276 idque
1543 1231 1619 1274 per
1650 1214 1883 1259 exteriores
1927 1222 2043 1258 actus
2087 1216 2137 1258 ad

644 1268 779 1326 ipsam
811 1276 934 1324 Fidei
967 1276 1171 1319 virtutem
1205 1276 1431 1320 intrinsece
1466 1276 1681 1320 relativos.

519 1328 597 1372 20.
634 1329 741 1377 Hinc
774 1336 927 1379 merito
960 1335 1061 1380 haec
1094 1336 1148 1380 ad
1182 1351 1273 1381 rem
1309 1336 1615 1380 animadvertit
1637 1335 1767 1381 caumd
1800 1334 1855 1378 de
1880 1335 2062 1392 Aguirre
2096 1335 2136 1378 in

645 1402 767 1437 tract.
806 1396 860 1439 de
895 1395 1060 1439 Virtute
1093 1404 1136 1439 et
1168 1398 1292 1440 Vitiis
1326 1397 1436 1454 disp
1478 1398 1551 1440 4⁶2.
1576 1413 1619 1456 q.
1646 1398 1691 1440 2.
1718 1397 1829 1440 Sect.
1864 1396 1908 1437 5.
1938 1411 1981 1438 n.
2010 1396 2085 1437 49.
2111 1422 2138 1430 -

641 1454 750 1498 Cum
787 1470 887 1499 v‹ro
920 1456 1146 1500 existentia
1172 1456 1378 1499 virtutum
1414 1465 1599 1516 nequeat
1621 1457 1808 1500 ‹xtcrius
1830 1470 2040 1513 apparere
2063 1471 2139 1512 per

640 1529 685 1557 se
708 1514 843 1573 ipsam
866 1524 1015 1574 utpote
1047 1516 1256 1575 quiddam
1279 1517 1424 1560 animo
1446 1517 1719 1575 impressum;
1746 1531 1884 1574 neque
1906 1531 1985 1573 per
2008 1516 2136 1558 actio-

643 1589 717 1620 nes
752 1575 939 1620 internas
972 1575 1023 1619 ad
1056 1592 1162 1635 quas
1196 1577 1444 1621 immediate
1477 1576 1687 1621 concurrit
1708 1609 1719 1627 ,
1755 1582 1953 1634 superest.
1987 1583 2034 1618 ut
2072 1591 2137 1618 so-

643 1635 732 1678 lum
758 1636 1043 1694 dignoscatur
1076 1652 1155 1694 pcr
1186 1637 1334 1680 effecta
1368 1637 1457 1680 sive
1490 1652 1646 1695 opera,
1684 1635 1871 1680 actiones
1904 1643 2130 1686 externas,

640 1704 681 1738 et
717 1697 848 1740 verh‘i
870 1731 879 1748 ,
917 1697 1032 1741 iuxta
1067 1696 1171 1740 iliud
1209 1698 1418 1741 monitum
1453 1697 1603 1742 Christi
1639 1696 1864 1740 Domini-
1887 1697 1948 1738 Ex
1980 1695 2132 1738 fructi-

641 1756 721 1799 hus
755 1772 903 1801 eorum
937 1758 1198 1816 cognoscetis
1230 1773 1333 1809 eos;
1372 1772 1454 1801 non
1490 1765 1631 1816 potest
1678 1758 1809 1801 arbor
1851 1755 1967 1798 bona
2001 1756 2134 1799 maios

639 1816 801 1860 fructus
834 1793 1014 1869 ἥιρει-αθ
1009 1833 1083 1862 nec
1116 1818 1248 1861 arbor
1282 1818 1392 1861 mala
1424 1818 1560 1861 bonos
1594 1818 1730 1861 facere
1764 1818 1937 1860 thuctus
1966 1840 1995 1848 -
2028 1818 2134 1859 Hinc

638 1876 983 1936 investigandum
1015 1893 1067 1922 an
1106 1894 1185 1936 per
1217 1878 1459 1937 frequentes
1491 1879 1721 1922 exteriores
1767 1885 1883 1921 actus
1917 1876 2038 1934 queis
2072 1877 2131 1919 cf-

636 1937 846 1981 soimatur
879 1939 1079 1989 habitus,
1117 1947 1160 1982 et
1191 1940 1371 1997 quidem
1404 1939 1535 1982 modo
1570 1938 1678 1982 faciti
1700 1972 1711 1988 ‚
1747 1946 1790 1981 et
1823 1945 2028 1996 prompto
2065 1936 2131 1978 id-

633 2013 721 2055 que
754 1999 883 2042 etiam
920 2000 961 2042 in
998 2001 1124 2043 rebus
1158 2000 1300 2043 arduis
1324 2000 1423 2058 (hoc
1457 2014 1641 2057 namque
1674 1999 1894 2056 importat,
1922 2004 1965 2038 ot
1996 2012 2062 2039 exi
2055 1997 2126 2054 git

635 2058 806 2102 heroica
842 2059 990 2119 virtus)
1024 2061 1155 2104 Seiva
1191 2059 1269 2102 Dei
1303 2061 1434 2103 Soror
1466 2059 1601 2102 Maria
1627 2060 1683 2102 ab
1717 2059 1865 2101 lncarn
1870 2056 2017 2099 itione
2051 2058 2125 2100 he-

640 2117 799 2162 roicam
834 2120 982 2163 Fidem
1031 2135 1154 2163 suam
1202 2118 1467 2170 ostenderit,
1504 2134 1592 2163 uno
1627 2118 1760 2161 verbo
1803 2133 1855 2161 ex
1888 2118 2123 2161 Summas-ii

639 2178 799 2221 tabulis
831 2179 1089 2230 eruendum,
1113 2194 1166 2221 an
1201 2179 1328 2230 dicta,
1366 2179 1490 2230 facia,
1520 2186 1691 2236 totaque
1715 2175 1870 2235 agendi
1901 2177 2008 2218 ratio
2032 2179 2129 2222 Ser-

638 2253 715 2280 vae
747 2239 827 2282 Dci
861 2241 1070 2284 eiusmodi
1104 2239 1310 2289 extiterit,
1337 2247 1382 2281 ut
1417 2240 1508 2296 ipsa
1543 2238 1759 2281 affirmare
1794 2238 1909 2281 iuxta
1942 2236 2051 2279 iilud
2073 2238 2130 2280 Ιιι-

634 2298 729 2341 cohi
767 2300 959 2356 Apostoli
996 2307 1083 2343 tuto
1117 2299 1322 2356 potuerit.
1365 2300 1477 2357 «Ego
1510 2299 1731 2342 ostendam
1765 2313 1816 2341 ex
1843 2297 2046 2354 operibus
2081 2298 2128 2339 ss-

571 2384 573 2386 -
635 2357 734 2401 dem
771 2375 958 2403 meam.-

515 2418 590 2460 24.
629 2419 778 2476 ltaque
812 2427 926 2464 tanta
962 2419 1127 2470 extitit,
1165 2427 1341 2478 tamque
1374 2422 1583 2464 excellens
1615 2420 1754 2463 dictae
1785 2419 1944 2462 Sei-vac
1980 2418 2057 2461 Dei
2082 2418 2126 2460 fl-

636 2478 712 2523 des
748 2488 794 2524 ut
825 2481 875 2524 ad
913 2482 1016 2524 Eam
1050 2480 1177 2539 dirigi
1212 2481 1303 2523 iure
1338 2482 1529 2539 potuerit
1562 2480 1650 2523 iaus
1685 2480 1755 2522 ἰΙΙιι
1780 2495 1909 2536 (μιιιιιι
1934 2479 2123 2523 Cin-istus

635 2540 688 2584 >ud
726 2542 949 2585 mulierem
985 2542 1229 2584 Cananeam
1263 2541 1422 2584 direxit
1444 2576 1454 2594 ‚
1493 2540 1706 2585 videlicet.
1749 2560 1764 2577 ι
1789 2539 1940 2582 Mulier
1973 2554 2126 2596 magna

634 2608 697 2643 est
729 2602 854 2646 Fides
888 2612 958 2645 tua
979 2622 994 2639 n
1033 2602 1137 2645 haec
1171 2601 1386 2659 siquidem
1435 2603 1568 2645 virtus
1603 2601 1643 2644 in
1679 2600 1840 2644 cunctis
1872 2608 1915 2642 ct
1947 2599 2125 2656 singuiis

633 2661 792 2706 Sorvae
828 2662 910 2706 Dei
944 2661 1081 2713 dictis,
1118 2670 1158 2705 et
1192 2661 1317 2720 gestis
1350 2662 1591 2712 evidenter,
1628 2670 1667 2704 et
1691 2661 1784 2704 sine
1806 2659 2124 2703 intermissione

528 2760 530 2763 .
635 2722 849 2766 elucescit.

512 2782 586 2824 22.
626 2783 673 2825 Ei
709 2783 761 2826 ad
796 2783 999 2841 spiciaies
1030 2791 1147 2827 actus
1182 2782 1298 2841 quod
1331 2783 1481 2826 attinet
1515 2782 1610 2825 dico
1635 2783 1700 2826 xci
1736 2782 1792 2825 ab
1826 2780 2003 2824 infantia
2027 2780 2124 2823 Scr-

638 2859 734 2887 vam
775 2844 853 2887 Dei
887 2844 1017 2888 iidem
1049 2859 1172 2887 suam
1207 2859 1259 2887 ex
1292 2843 1496 2902 operibus
1529 2843 1766 2886 ostendisse
1798 2841 2013 2902 siquidem
2031 2840 2124 2910 ‘pri-

635 2919 731 2947 mae
776 2904 872 2947 Eius
908 2904 1202 2948 inclinationes
1235 2920 1317 2946 non
1355 2905 1435 2946 iam
1471 2903 1524 2947 ud
1561 2904 1705 2947 solatia
1750 2911 1789 2945 ct
1824 2902 1946 2945 ludos
1982 2900 2041 2944 uti
2076 2900 2123 2944 il·
