2752 3568
1949 247 2036 291 409

538 319 645 363 solet
678 316 936 373 germinare,
974 315 1079 374 quid
1113 315 1348 359 dicendum
1383 316 1438 360 de
1471 317 1674 361 Eiusdem
1711 318 1755 361 in
1788 327 1900 362 statu
1927 320 2039 364 Reli-

536 379 653 438 gioso
687 376 994 434 Temperantia
1039 376 1212 434 quando
1259 376 1457 420 videlicet
1503 378 1601 421 Flos
1651 379 1727 422 iste
1776 380 2037 425 convallium

538 440 752 498 plantatus
787 437 828 479 in
865 436 996 479 domo
1020 436 1197 478 Domini
1226 436 1471 480 innumeros
1495 440 1675 497 protulit
1698 440 1917 482 tonorum
1942 455 2040 498 ope-

539 514 631 543 rum
668 496 845 548 fructus,
883 504 926 539 et
961 511 1089 554 poma
1129 496 1337 539 virtutum
1358 498 1376 540 ’ἐ
1398 499 1484 540 1100
1506 500 1607 541 satis
1630 499 1822 544 arbitror
1844 499 2041 544 animad-

538 567 709 603 vertere
743 557 796 600 ad
830 557 1023 614 aliquam
1057 557 1393 614 Tcnwerantiae
1426 560 1586 602 Sorvae
1619 561 1699 604 Dei
1738 558 1880 603 ideam
1906 561 2042 605 conci-

537 618 758 678 piendam,
778 617 894 675 quod
930 631 1030 659 vere
1064 616 1226 660 mundo
1260 624 1429 660 mortua
1450 618 1531 662 dici
1559 621 1653 675 lpsa
1677 627 1861 678 poterat,
1883 629 1925 662 et
1950 621 2038 665 vita

537 682 636 724 Eius
670 678 923 721 abscondita
957 691 1054 720 cum
1090 677 1258 720 Christo
1294 678 1334 720 in
1361 680 1470 721 Deo.
1498 679 1608 722 llinc
1632 680 1794 723 nedum
1816 681 2041 725 abborruit

538 757 560 784 a
593 738 862 799 quibuslibet
897 737 1209 797 voluptatibus,
1247 738 1321 780 sed
1356 738 1486 781 ctiam
1519 755 1666 783 cruces
1701 740 1825 782 unice
1865 740 2035 793 dilexit,

537 800 775 860 quaesivit,
827 797 1044 842 desiderio
1092 798 1469 842 vehementissimo
1501 799 1755 844 desiderans
1796 800 2040 858 amplexata

536 871 613 914 est,
652 875 808 919 easque
842 858 1135 916 spiritualibus
1169 875 1345 917 quoque
1380 859 1539 903 solatiis·
1564 859 1823 917 anteposuit.
1846 861 2041 905 Testisx

544 922 735 982 (Summ.
772 934 892 963 num.
921 920 978 963 lV
1015 934 1112 976 pag.
1140 920 1235 977 39).
1268 939 1283 957 α
1314 920 1370 962 l.a
1405 921 1535 964 Serva
1560 919 1605 962 ‹li
1630 921 1710 963 Dio
1734 920 1868 972 disse,
1901 920 1979 964 clie
2003 921 2041 965 le

546 1004 562 1022 »
589 998 664 1028 sue
698 980 808 1024 croci
843 982 884 1024 le
917 994 1049 1023 erano
1075 979 1364 1036 vantaggiose,
1392 994 1416 1022 e
1441 982 1677 1024 necessarie
1699 981 1910 1031 eziandio‚
1930 981 2042 1026 onde

549 1065 564 1083 ι,
595 1050 718 1103 poter
750 1044 955 1099 giungem
990 1040 1072 1082 alla
1107 1040 1290 1096 perfetta
1316 1055 1491 1097 purezza
1514 1041 1558 1084 di
1582 1057 1725 1091 cuore,
1754 1040 1808 1083 ed
1833 1041 1915 1084 alla
1942 1057 2038 1098 per-

547 1126 562 1142 n
592 1105 694 1148 l'etta
730 1102 896 1151 uinilta,
933 1101 1011 1143 clio
1045 1100 1434 1144 nell’abbondanza
1468 1102 1580 1145 delle
1614 1100 1892 1144 consolazioni
1918 1102 2043 1160 spiri-

549 1187 563 1203 »
594 1163 697 1209 tuali
730 1178 807 1206 con
842 1160 955 1220 gioia
988 1160 1023 1203 si
1058 1169 1263 1220 sopporta
1294 1161 1358 1203 cio
1391 1162 1468 1205 elie
1502 1161 1684 1206 avvicne
1706 1195 1714 1211 ,
1761 1177 1784 1203 e
1830 1161 1964 1205 talora
2000 1163 2042 1205 in

549 1245 564 1264 ι,
594 1226 679 1269 tale
712 1223 824 1281 gioia
859 1222 893 1265 si
927 1221 1015 1265 tien
1048 1223 1182 1265 celata
1217 1222 1255 1264 la
1281 1222 1603 1279 impcrl'ezi0ne‚
1630 1238 1697 1265 ma
1720 1221 1907 1265 allon-elie
1934 1230 2041 1266 tutta

550 1307 564 1324 n
594 1294 657 1330 sta
691 1284 851 1327 ritirata
885 1282 955 1325 001
989 1281 1120 1324 fondo
1155 1282 1255 1326 dell’
1277 1282 1435 1333 anima,
1474 1299 1497 1326 e
1529 1283 1607 1326 che
1641 1283 1679 1325 la
1715 1290 1839 1340 parte
1866 1281 2042 1325 inferio-

547 1367 562 1385 »
592 1362 638 1390 re
671 1346 694 1388 e
728 1344 895 1402 privata
928 1341 972 1384 di
1006 1343 1107 1398 ogni
1139 1358 1331 1386 soccorso
1354 1377 1363 1395 ‚
1403 1343 1533 1387 allora
1568 1342 1601 1385 si
1637 1358 1787 1400 scon-ge
1823 1350 1935 1386 tutto
1979 1344 2043 1386 cio

551 1428 566 1445 n
593 1408 671 1451 elic
706 1405 758 1447 lia
791 1418 922 1446 ancer
955 1401 1060 1452 vita,
1096 1418 1119 1445 0
1152 1403 1428 1446 sentimenti).
1465 1405 1509 1448 Si
1534 1411 1646 1446 resta
1670 1403 1982 1460 disingannafi,
2005 1404 2039 1447 si

550 1488 566 1507 »
593 1480 771 1511 0000500
804 1463 1096 1507 chiaramonte
1128 1463 1205 1506 cbc
1240 1479 1324 1505 uno
1359 1479 1445 1506 non
1478 1464 1532 1507 lia
1555 1464 1811 1507 cominciato
1839 1479 1996 1506 ancora
2019 1481 2042 1508 a

550 1548 566 1567 n
595 1524 865 1571 mortificarsi
900 1523 1247 1581 pcrl'ettamento.
1284 1524 1470 1578 Quando
1504 1524 1543 1566 io
1579 1538 1715 1581 veggo
1751 1524 1761 1566 i
1800 1523 1900 1566 miei
1934 1525 2042 1567 sensi

548 1609 564 1627 n
591 1586 748 1648 privati
782 1584 854 1628 dei
888 1583 980 1626 loro
1012 1582 1233 1635 desiderii,
1272 1584 1300 1626 il
1334 1584 1424 1626 mio
1456 1584 1606 1642 spirito
1642 1584 1777 1627 dicio
1800 1583 1833 1626 si
1856 1584 2047 1641 compla-

548 1670 563 1688 »
593 1666 656 1700 ce,
695 1646 750 1690 ed
785 1645 824 1688 io
849 1644 1105 1688 incomincio
1129 1653 1420 1688 nuovamcnte
1441 1662 1463 1688 a
1486 1660 1666 1703 prcgare
1691 1646 1843 1688 Nostro
1862 1645 2044 1701 Signore

548 1731 563 1749 ι,
592 1727 615 1754 0
650 1723 735 1752 000
770 1720 929 1749 averno
963 1714 1099 1763 punto
1125 1706 1256 1763 pieta,
1283 1705 1326 1749 di
1351 1705 1540 1749 disl‘armi
1566 1722 1590 1748 a
1613 1705 1894 1763 qualsivoglia
1920 1721 2042 1762 prez-

549 1792 564 1811 1
593 1787 640 1814 zo
675 1768 720 1812 di
755 1774 863 1810 tutto
897 1765 963 1809 cio
996 1766 1073 1809 che
1110 1769 1166 1809 mi
1201 1766 1286 1824 puo
1320 1766 1530 1810 ritardare
1566 1766 1677 1809 nella
1711 1767 1799 1809 mia
1833 1767 2038 1810 carriera.

550 1853 565 1871 2
592 1831 684 1876 Ella
718 1827 946 1886 aggiunge.
984 1842 1099 1870 esser
1130 1843 1229 1870 cosa
1263 1827 1526 1885 impossibile
1561 1844 1584 1870 a
1620 1836 1743 1884 poter
1777 1827 1987 1885 giungere
2020 1843 2043 1870 a

547 1914 562 1932 »
591 1898 752 1936 coteste
785 1887 1040 1946 cognizioni,
1081 1888 1298 1931 mediante
1332 1888 1440 1930 altre
1464 1888 1546 1938 vie,
1577 1887 1672 1930 luoi·
1695 1888 1738 1931 di
1764 1889 1908 1946 quelle
1932 1887 2046 1931 della

549 1975 564 1993 1·
591 1954 742 1997 Croce.
763 1951 923 2005 Queste
957 1948 1081 1992 visite
1115 1948 1152 1992 le
1186 1964 1381 1992 avevano
1415 1948 1515 1992 dato
1549 1948 1774 1992 un'amore
1810 1948 1894 1991 cosi
1918 1963 2046 2003 gran-

548 2036 563 2053 »
591 2015 662 2064 de,
700 2010 754 2054 cd
790 2025 845 2052 un
881 2008 1098 2052 desiderio
1133 2017 1250 2052 tanto
1282 2010 1487 2052 sensibile
1521 2009 1635 2052 delle
1672 2025 1782 2066 pene
1818 2008 2041 2059 interiori,

552 2096 567 2114 ι.
596 2076 674 2118 01ιο
707 2088 750 2115 50
784 2071 892 2113 losse
926 2079 1212 2128 appartenuto
1247 2085 1270 2111 a
1304 2070 1376 2112 Lei
1412 2070 1452 2112 10
1485 2070 1681 2127 elcggcm
1717 2078 1779 2112 tra
1815 2070 1852 2111 le
1885 2083 2047 2111 conso-

550 2157 565 2175 »
593 2132 746 2178 lazioni
780 2130 1008 2187 spirituali,
1046 2146 1069 2173 0
1105 2130 1142 2172 10
1175 2130 1298 2174 Croci
1335 2130 1372 2173 le
1408 2130 1482 2187 piu
1506 2130 1737 2179 al'l'annose‚
1769 2131 1868 2172 Essa
1892 2129 2044 2171 avreb-

548 2217 563 2235 »
591 2197 648 2239 be
682 2193 811 2236 eletto
845 2190 951 2233 assai
985 2190 1031 2233 (Ιί
1065 2191 1183 2233 buon
1218 2190 1352 2247 grado
1388 2198 1494 2233 tutte
1516 2198 1677 2248 quante
1701 2191 1741 2233 le
1764 2192 1930 2234 Crocia
1956 2204 2047 2232 mo-

549 2278 564 2296 »
593 2256 680 2299 tivo
714 2252 784 2297 dei
818 2250 970 2309 grandi
1003 2251 1107 2293 beni
1140 2251 1219 2293 che
1254 2250 1296 2292 in
1329 2258 1480 2308 queste
1513 2251 1546 2293 si
1581 2258 1870 2309 contengono.
1899 2270 1915 2287 n

417 2320 523 2364 206.
561 2316 668 2360 Hinc
702 2312 761 2356 nil
795 2313 954 2354 mirum
988 2311 1107 2369 quod
1141 2312 1277 2354 Serva
1309 2311 1390 2354 Dei
1425 2326 1598 2354 carnem
1623 2327 1744 2355 suam
1770 2311 1889 2355 omni
1915 2326 2046 2369 aspe-

537 2378 718 2422 ritatum
751 2387 907 2431 genere
941 2371 1031 2414 sinc
1067 2371 1384 2416 intermissione
1417 2372 1609 2430 affligere
1642 2373 1859 2416 studuerit
1882 2371 2046 2416 nullam

539 2440 578 2483 ei
611 2438 718 2482 dans
751 2432 947 2491 requiem
981 2432 1071 2475 sive
1105 2432 1263 2476 diurno
1286 2432 1374 2476 sive
1399 2442 1610 2477 nocturno
1645 2441 1858 2491 tempore.
1887 2434 2043 2476 lluius-

539 2498 658 2544 modi
693 2494 963 2539 austeritates
997 2493 1054 2536 ita
1088 2493 1309 2538 describit.
1346 2494 1484 2538 Testis
1518 2495 1595 2538 Vll
1632 2494 1824 2553 (Summ.
1860 2511 1902 2537 n.
1947 2495 2048 2539 xlv

541 2576 639 2620 pag.
679 2555 805 2615 444).
836 2575 852 2594 α
882 2555 926 2597 L'
948 2554 1098 2598 intima
1133 2555 1293 2598 unione
1326 2554 1440 2598 della
1474 2556 1608 2599 Serva
1642 2556 1684 2599 di
1718 2556 1804 2598 Dio
1836 2570 1915 2598 con
1942 2555 2041 2607 Dio,

548 2642 564 2661 ι,
594 2622 620 2665 il
638 2616 855 2664 desiderio
877 2615 922 2659 di
942 2624 1132 2673 prestare
1151 2630 1284 2658 onore
1308 2617 1389 2659 alla
1413 2616 1647 2659 sol'ferenza
1670 2617 1724 2660 da
1749 2615 1864 2660 Gesu
1886 2615 2041 2666 Cristo,

548 2703 564 2722 »
593 2681 787 2726 tollerata
831 2677 945 2720 nella
988 2692 1066 2720 sua
1109 2676 1323 2735 passione,
1353 2693 1376 2719 e
1409 2677 1453 2720 di
1486 2677 1722 2721 soddisl'are
1759 2677 1801 2720 in
1835 2691 1878 2720 50
1913 2684 2044 2720 5ιο550

547 2765 562 2783 »
593 2743 674 2787 alla
709 2737 877 2783 infinita
910 2738 1075 2781 Santita
1110 2737 1153 2780 di
1188 2737 1289 2787 Dio,
1328 2738 1367 2780 la
1403 2738 1625 2781 indusscro
1649 2755 1672 2781 a
1695 2738 1811 2782 delle
1834 2738 2040 2781 austerita

544 2825 560 2843 ι
589 2800 708 2862 quali
742 2814 794 2842 ne
827 2798 969 2841 secero
1003 2814 1063 2842 un
1096 2798 1334 2855 escmplare
1366 2799 1411 2842 di
1449 2800 1689 2857 priiitenza;
1729 2799 1766 2841 la
1803 2813 2039 2842 enumera-

541 2887 556 2905 »
585 2865 707 2908 zione
740 2859 785 2904 di
818 2859 883 2905 cio
916 2859 992 2903 che
1026 2860 1050 2902 e
1085 2874 1161 2918 per
1195 2859 1379 2916 segnis-e,
1418 2875 1500 2903 non
1535 2861 1803 2918 compi-ende
1837 2861 1913 2903 che
1956 2874 2039 2902 una
