2688 3600
720 239 779 283 50
1198 250 1446 283 scammum
1478 251 1752 284 Annmomm

720 327 848 371 miliis
883 326 1008 375 natis,
1045 322 1135 367 sive
1169 324 1342 368 tandem
1377 325 1418 369 in
1455 326 1580 370 totius
1612 326 1804 370 coloniae
1838 324 2099 370 cavmdennsis
2133 341 2233 383 par-

725 388 838 431 tibus
873 384 1090 430 catholica
1123 384 1343 442 Religione
1378 386 1676 444 propaganda.

841 449 931 490 lloe
962 445 1089 488 etiam
1125 446 1321 503 apprime
1354 447 1572 504 postulant
1617 447 1871 491 innumerae
1904 446 2003 490 illae
2036 446 2197 502 gratiae
2217 479 2231 497 ‚

719 517 807 551 tum
842 505 1102 565 spirituales,
1140 513 1229 548 tum
1265 507 1551 564 temporales,
1589 523 1668 565 per
1698 508 1788 551 cius
1830 505 2176 551 intercessionem
2210 523 2235 550 a

718 570 811 611 Deo
844 582 972 624 saepe
1004 565 1175 624 saepius
1210 566 1477 624 impetratae,
1514 577 1557 612 ct
1590 568 1693 612 hacc
1725 568 1883 612 eximia
1915 566 2150 611 sanctitatis
2173 565 2236 610 la-

719 644 805 679 ma,
826 644 912 686 qua
938 626 1082 670 vivens
1106 627 1251 683 gavisa
1275 627 1368 677 luit,
1388 637 1431 671 et
1453 644 1580 686 quae,
1607 628 1661 672 ad
1687 637 1830 673 nostra
1856 643 1991 687 usque
2017 635 2231 684 tempora,

720 689 836 746 apud
872 703 1022 731 onmes
1054 687 1244 744 gaudere
1278 703 1519 747 numquam
1551 689 1744 733 cessavit.

842 748 957 804 Quid
1004 747 1184 805 dignum
1235 750 1504 806 potuerimus
1547 750 1692 793 dicere
1724 749 1780 793 de
1822 747 2111 806 singularibus
2143 746 2234 790 eius

720 810 988 860 virtutibus,
1039 815 1083 851 et
1117 809 1337 865 speciatim
1378 810 1433 853 de
1467 810 1545 852 hoe
1579 810 1676 853 l'orti
1709 819 1750 853 et
1787 810 1896 853 virili
1933 808 2075 853 antimo
2102 839 2113 858 ,
2149 823 2237 865 quo

721 872 814 913 Deo
848 870 1026 927 Optimo
1060 868 1137 911 soli
1171 869 1328 912 conlisa
1363 870 1540 913 tentavit
1574 878 1617 914 et
1650 870 1704 914 ad
1739 870 1907 914 felicem
1940 869 2103 913 exitum
2138 884 2236 925 pet·-

721 931 842 973 duxit
878 929 1112 973 laboriosas
1145 928 1234 972 illas
1264 938 1305 973 et
1340 930 1595 988 longinquas
1629 931 2012 989 peregrinationes,
2037 928 2126 972 sive
2161 943 2237 985 per

723 991 849 1033 maris
885 988 1233 1038 immensitatem,
1271 990 1359 1033 sive
1395 1007 1475 1048 per
1506 1000 1690 1034 remotas
1723 991 1897 1035 huiusce
1931 988 2116 1047 regionis
2141 1003 2239 1045 par—

724 1060 814 1094 tes:
852 1068 939 1110 qno
971 1050 1100 1093 etiam
1143 1058 1226 1092 tam
1262 1050 1430 1094 ‘'n-titen-
1462 1051 1597 1094 subiit
1647 1050 1846 1096 incendia
1879 1058 1921 1095 ct
1960 1050 2232 1093 flammarum

724 1112 887 1154 furores
909 1145 922 1162 ,
957 1110 1119 1168 quibus
1150 1111 1479 1161 monasterium,
1515 1111 1601 1154 suis
1633 1112 1835 1171 manilius
1870 1119 1991 1155 tauto
2023 1109 2171 1153 labore
2194 1115 2236 1151 et

729 1180 789 1214 tot
821 1172 1020 1229 expensis
1052 1179 1241 1214 erectum
1274 1171 1391 1214 siccis
1424 1171 1585 1215 nedum
1620 1173 1766 1222 oculis,
1803 1171 1877 1215 sed
1912 1180 1957 1215 et
1991 1169 2240 1214 animulae·

726 1232 813 1275 titia
847 1231 1069 1275 exaltante
1106 1231 1194 1288 ipsa
1230 1231 1337 1274 vidit
1359 1231 1651 1282 devastatum,
1688 1233 1775 1277 imo
1799 1232 1992 1276 funditus
2016 1229 2235 1275 dirutum!

845 1292 931 1335 Sed
963 1291 1068 1335 llaec
1088 1299 1203 1334 tanta
1227 1292 1359 1334 animi
1384 1292 1509 1335 liuius
1530 1292 1923 1343 beneficentissimi,
1952 1306 2097 1335 nonne
2119 1289 2242 1348 equi-

725 1353 824 1396 dem
865 1368 1001 1411 usque
1033 1351 1087 1395 ad
1123 1360 1263 1395 nostra
1312 1361 1600 1409 pervenerunt
1648 1354 1877 1412 tempora-‘2
1911 1354 2006 1412 ipsa
2038 1351 2153 1395 enim
2188 1365 2238 1392 ea

725 1429 809 1471 qua
847 1415 1029 1455 vivimus
1061 1421 1215 1462 aetate,
1254 1420 1418 1456 attente
1449 1421 1491 1456 et
1514 1413 1673 1458 devote
1691 1415 1748 1458 ab
1772 1414 1975 1458 omnibus
1998 1411 2242 1456 cuiuscum-

721 1490 810 1531 que.
842 1473 1101 1517 conditionis
1133 1472 1333 1516 fidelibus
1365 1475 1688 1532 perlustrantur
1734 1491 1831 1519 tum
1868 1474 2057 1518 maximo
2089 1470 2243 1516 aedili-

726 1535 904 1578 cationis
928 1533 1087 1585 fructu,
1110 1534 1208 1577 illae
1230 1533 1299 1576 vix
1324 1534 1575 1578 innumerae
1596 1535 1844 1594 spirituales
1866 1533 2089 1594 epistolae,
2109 1547 2236 1590 quae,

727 1596 802 1639 etsi
839 1595 1016 1637 minime
1049 1595 1231 1639 Sanctae
1272 1594 1396 1638 Sedis
1428 1595 1634 1640 iudicium
1680 1603 1953 1640 antevertere
1994 1608 2242 1653 praesuma-

718 1667 849 1706 mus,
887 1655 1127 1700 dixerimus
1157 1670 1329 1712 semper
1376 1656 1569 1700 redolent
1603 1656 1975 1700 affectuosissimus
2009 1652 2243 1711 Religionis

728 1732 891 1767 sensus,
929 1715 1177 1759 mirandam
1211 1714 1251 1758 in
1286 1715 1454 1772 piarum
1489 1717 1731 1761 animarum
1764 1717 2000 1761 directione
2024 1715 2238 1773 peritiam,

729 1776 1075 1820 ardentissimum
1109 1775 1254 1818 salutis
1287 1786 1486 1821 aeternae
1518 1778 1683 1828 zclum‚
1719 1794 1870 1821 samam
1902 1786 1946 1820 et
1980 1776 2165 1820 solidam
2200 1773 2242 1817 in

728 1837 858 1881 rebus
891 1836 1185 1894 spiritualibus
1217 1836 1490 1887 doctrinam,
1528 1854 1695 1882 necnon
1731 1839 2022 1882 firmissimam
2056 1845 2098 1880 et
2131 1850 2243 1878 sem-

731 1913 806 1956 per
840 1897 1135 1941 inconcussam
1159 1897 1203 1939 in
1234 1898 1434 1941 Sanctam
1460 1901 1638 1943 Matrem
1666 1898 1897 1943 Ecclesiam
1926 1896 2244 1942 obedientiam.
2278 1897 2280 1899 ’

852 1959 882 2000 Ε
919 1958 1003 2001 vita
1054 1957 1308 2001 iamdudum
1356 1959 1563 2010 dec-essa,
1599 1960 1703 2003 vivit
1735 1960 1879 2004 adhue
1918 1960 2023 2003 haec
2057 1958 2129 2016 pia
2161 1955 2242 1999 Dei

732 2017 906 2062 famula.
946 2019 1056 2063 Vivit
1094 2017 1135 2060 in
1168 2019 1253 2061 suis
1285 2020 1505 2077 operibus.
1543 2021 1660 2063 Vivit
1692 2020 1733 2064 in
1775 2021 1894 2064 hisce
1923 2020 2003 2078 piis
2041 2018 2245 2062 sucrimo-

733 2079 943 2129 malibus,
979 2079 1109 2136 ipsius
1144 2079 1348 2123 virtutum
1383 2079 1672 2132 haeredibus,
1708 2081 1799 2124 eius
1828 2081 2029 2125 laborum
2056 2077 2248 2123 aemula·

732 2140 926 2184 trictibus.
964 2140 1081 2184 Vivit
1116 2139 1157 2182 in
1190 2139 1269 2182 :ms
1303 2141 1591 2184 Ursulitarum
1622 2142 1885 2184 Monasteriis
1906 2174 1920 2192 ,
1954 2140 1997 2183 in
2049 2139 2247 2198 pluribus

731 2201 934 2245 Canadae
962 2208 1002 2243 et
1035 2199 1267 2243 Americaev
1295 2200 1541 2245 civitatibus
1574 2201 1791 2246 institutis.
1830 2200 1943 2245 Vivit
1977 2199 2118 2244 adhuc
2158 2206 2246 2242 utn-

733 2261 834 2305 dem
870 2262 912 2304 in
948 2261 1010 2304 his
1043 2261 1178 2304 ferme
1210 2260 1446 2305 innumeris
1478 2261 1631 2321 puellis
1653 2278 1765 2321 qaae
1800 2270 1944 2306 nostro
1978 2261 2108 2304 etiam
2137 2268 2242 2303 tem-

735 2337 837 2379 pore
873 2322 992 2365 iuxta
1031 2323 1211 2367 Sanctae
1252 2322 1430 2366 Ursulac
1466 2323 1632 2380 regulas
1664 2332 1706 2367 et
1737 2322 2044 2381 disciplinam,
2078 2319 2244 2378 religio·

734 2399 822 2426 sam
857 2382 985 2426 simul
1010 2391 1051 2426 et
1075 2381 1296 2425 hodiernis
1320 2384 1515 2427 moribus
1543 2384 1655 2427 bene
1686 2384 1907 2442 provisam
1928 2381 2241 2426 institutionem

738 2443 820 2488 illic
853 2442 1050 2503 quotidie
1098 2441 1304 2486 hauriunt
1351 2453 1394 2487 et
1441 2460 1497 2488 ex
1528 2461 1577 2488 ca
1622 2444 1905 2496 nutriuntur;
1945 2443 2098 2494 unde,
2130 2448 2249 2499 post·

736 2519 864 2562 quam
900 2503 956 2548 ad
989 2519 1086 2548 suas
1116 2503 1296 2547 familias
1328 2513 1427 2548 sunt
1461 2520 1690 2558 reversae,
1721 2505 1944 2564 praeclara
1974 2502 2210 2548 modestiae
2232 2533 2248 2552 ,

737 2565 909 2622 pietatis
941 2573 983 2608 et
1016 2564 1211 2608 omnium
1246 2564 1457 2609 virtutum
1480 2566 1805 2610 christianarum
1832 2565 1939 2610 liunt
1962 2561 2242 2622 exemplaria,

738 2634 780 2669 ct
812 2625 993 2671 coeteris
1026 2625 1308 2683 popularibus
1343 2627 1397 2670 ad
1434 2626 1566 2670 vitam
1597 2627 1712 2671 bene
1743 2635 1953 2670 moratam
1981 2624 2180 2670 stimulus
2203 2629 2247 2666 et:

740 2687 1092 2731 incitamentum.

859 2749 1150 2806 Quapropter,
1189 2748 1438 2792 Beatissime
1474 2749 1603 2792 Pater
1624 2782 1637 2799 ,
1673 2757 1757 2793 tam
1795 2749 2033 2792 multorum
2062 2746 2248 2791 aliorum

748 2809 944 2852 ›met-ibus
977 2818 1140 2852 nostras
1174 2824 1319 2867 preces
1354 2809 1554 2853 volumus
1586 2809 1833 2861 adiunctas,
1871 2818 1917 2853 ut
1950 2808 2007 2853 ad
2041 2807 2245 2851 maiorem

742 2869 821 2913 .)ei
856 2869 1053 2928 gloriam,
1078 2870 1152 2929 qui
1178 2869 1387 2917 mirabilis
1420 2878 1482 2914 est
1519 2871 1559 2914 in
1595 2871 1759 2915 Sanctis
1791 2869 1898 2923 suis,
1920 2867 2142 2915 sanctitati
2165 2867 2252 2911 Vc·
