2640 3584
628 277 688 320 fio

624 348 818 394 adductis
850 349 906 392 ab
940 355 1111 390 auctore
1145 347 1265 391 addit
1299 348 1356 392 ad
1390 350 1487 392 Bar.
1517 348 1617 392 inde
1642 348 1685 389 ’1.
1713 346 1768 389 dc
1792 347 1957 391 minore
1982 349 2027 393 ss.
2055 352 2146 408 plu-

622 409 782 453 rimum
815 408 859 452 ff.
897 408 953 451 de
986 423 1133 467 quaes.
1189 409 1311 453 verb.
1348 425 1509 468 quaero
1557 407 1744 467 qualiter
1784 408 2023 466 probentur
2070 428 2172 470 per-

623 471 769 513 innoc.
808 469 848 512 in
882 470 930 513 C.
969 484 1066 512 cum
1102 469 1144 512 in
1182 477 1268 512 tua.
1307 470 1363 514 de
1395 470 1594 529 Sponsat.

743 529 818 572 94.
856 531 905 572 Et
939 530 1145 588 quoniam
1179 531 1342 574 Censor
1377 539 1519 575 noster
1553 532 1641 573 sive
1684 529 1726 572 in
1770 531 2042 588 paragrapho
2088 533 2142 576 dc

623 589 959 633 probationibus
990 591 1081 634 sive
1118 591 1160 633 in
1195 591 1274 635 hoc
1307 593 1364 636 de
1396 593 1528 636 Fama
1572 590 1813 635 Sanctitatis
1863 591 2023 635 Sei-vae
2067 593 2147 636 Dei

623 651 788 695 Sororis
821 651 980 694 Mariae
1002 651 1057 695 ab
1082 653 1386 696 incarnatione
1418 652 1586 710 saepius
1610 651 1738 694 nobis
1759 654 1976 709 opposuit,
1997 667 2146 697 omnes

625 711 693 754 vei
727 712 814 754 fere
858 726 1009 755 omnes
1051 712 1223 756 testium
1272 714 1564 772 depositiones
1612 711 1781 755 innixas
1829 726 1922 754 esse
1964 712 2147 771 scriptae

631 771 866 824 traditioni,
905 787 952 816 ac
986 774 1217 831 praecipue
1251 775 1364 818 vitae
1398 791 1420 818 a
1454 776 1509 818 D.
1548 772 1729 816 Claudio
1763 772 1914 816 Mat-tin
1939 773 2037 817 Eius
2060 773 2149 819 titio

624 831 668 875 in
704 833 842 876 iucem
877 833 1035 884 editae,
1062 844 1195 892 atque
1217 852 1269 878 ex
1293 837 1373 879 hoc
1397 836 1614 878 nitebatur
1646 833 1944 876 demonstrare
1976 834 2151 878 easdem

625 893 918 951 depositiones
953 895 1031 937 hac
1065 896 1254 952 praecise
1287 896 1345 939 de
1368 911 1493 939 causa
1518 895 1678 938 nuliius
1704 894 1770 937 vel
1796 893 1917 951 parvi
1940 895 2152 952 -pondcris

626 969 717 997 esse
753 954 988 1005 habendas,
1027 955 1267 999 videndum
1301 956 1493 1000 breviter
1526 955 1632 1014 quid
1668 955 1745 998 hac
1777 955 1963 1011 desuper
1997 971 2044 1000 re
2067 964 2150 1000 sta-

626 1022 732 1065 tuat,
771 1030 817 1058 ac
850 1015 1001 1059 donat
1034 1026 1301 1061 memoratus
1336 1017 1550 1061 Pontifex.
1590 1016 1664 1058 Hic
1700 1016 1846 1076 itaque
1882 1016 1986 1059 haec
2019 1016 2152 1061 habet

624 1075 713 1134 (cit.
753 1075 844 1118 toeo
877 1093 914 1119 c.
954 1076 1029 1119 40.
1068 1092 1111 1120 n.
1149 1079 1215 1137 8).
1242 1080 1309 1121 De
1333 1080 1491 1122 Famae
1516 1077 1681 1134 origine
1704 1077 1945 1136 quaeritur,
1974 1093 2029 1120 an
2056 1092 2151 1134 pro-

621 1136 794 1186 babitis,
822 1136 1059 1195 legittima,
1098 1146 1230 1196 atquc
1264 1138 1477 1183 sufficiens
1511 1137 1594 1182 dici
1630 1139 1763 1196 possit
1806 1137 1876 1181 itta
1919 1152 2032 1194 quae
2071 1138 2155 1182 de-

621 1197 808 1240 sumitur
840 1213 893 1240 ex
930 1198 1014 1241 vita
1047 1199 1229 1243 alicuius
1261 1200 1386 1245 Servi
1410 1200 1489 1243 Dei
1516 1199 1689 1256 scripta.
1721 1198 1784 1240 vet
1807 1197 1944 1241 edita.
1974 1197 2062 1243 Sed
2086 1198 2151 1241 di-

620 1257 880 1314 stinguenda
914 1273 1005 1301 esse
1040 1259 1213 1303 videtur
1247 1261 1335 1303 vita
1369 1268 1566 1303 recenter
1599 1258 1772 1316 scripta,
1810 1275 1834 1302 a
1860 1258 1947 1300 vita
1973 1258 2154 1317 antiquo

625 1326 822 1375 tempore
855 1318 986 1369 edita,
1024 1328 1065 1362 et
1101 1336 1248 1363 rursus
1283 1321 1372 1364 vita
1405 1337 1429 1365 a
1463 1320 1631 1378 privato
1665 1319 1874 1377 scriptore
1892 1320 2152 1377 composita,

623 1387 666 1421 et
700 1378 818 1422 edita
853 1379 973 1423 nulio
996 1381 1173 1438 praevio
1196 1383 1396 1425 examine
1420 1381 1780 1431 extraordinario,
1809 1394 1888 1423 nec
1915 1379 2012 1422 uilis
2035 1395 2160 1437 prae-

624 1439 882 1482 cedentibus
917 1441 1102 1498 pubticis
1139 1443 1433 1486 monumentis
1466 1458 1517 1486 ex
1553 1441 1713 1499 quibus
1747 1456 1796 1484 ea
1831 1440 2062 1497 desumpta
2085 1441 2155 1493 sit,

623 1516 647 1543 a
680 1500 767 1543 vita
803 1508 1000 1544 recenter
1030 1503 1269 1561 conscripta
1304 1520 1328 1546 a
1357 1503 1448 1546 viro
1473 1503 1628 1561 prob0,
1659 1501 1928 1560 processibus
1951 1500 2158 1547 confectis

629 1560 807 1611 innixa,
855 1571 897 1605 et
942 1571 1037 1620 post
1069 1563 1253 1607 arduum
1276 1598 1285 1615 ,
1323 1574 1365 1607 et
1400 1564 1618 1608 insolitum
1652 1577 1834 1606 examen
1871 1561 1982 1620 typis
2024 1561 2157 1606 edita.

629 1621 786 1677 Quoad
821 1622 951 1666 vitam
987 1639 1087 1682 ergo
1122 1633 1317 1668 recenter
1349 1624 1512 1669 editam
1547 1624 1782 1668 dicendum
1817 1630 1880 1666 est
1913 1636 2011 1665 eam
2046 1622 2162 1666 haud

630 1680 910 1727 sufficientem
936 1698 1026 1727 esse
1048 1685 1105 1728 ad
1129 1686 1473 1730 constituendam
1499 1684 1757 1742 legittimam
1783 1684 1995 1740 originem
2021 1682 2162 1727 famae

628 1759 704 1800 pro
738 1759 789 1786 co
823 1743 878 1786 de
912 1759 1000 1801 quo
1033 1746 1175 1801 agitur
1207 1746 1309 1797 fine,
1349 1763 1467 1790 secus
1500 1762 1549 1789 ac
1583 1747 1759 1804 antiqua
1788 1746 1846 1789 ab
1887 1744 2034 1802 atiquo
2058 1759 2157 1802 pro-

628 1804 730 1848 bato
765 1804 952 1847 Auctore
986 1807 1097 1864 typis
1133 1806 1266 1850 edita.
1306 1808 1517 1862 Quocirca
1550 1806 1624 1849 bo.
1663 1822 1747 1850 me.
1787 1807 1970 1862 Prosper
2013 1805 2159 1847 Botti-

629 1865 723 1908 nius
758 1864 877 1908 Fidei
914 1867 1141 1910 Promotou·
1176 1867 1317 1925 inquit
1354 1868 1394 1910 in
1428 1869 1513 1911 suis
1548 1866 2002 1910 animadversionibus
2043 1865 2163 1909 sactis

629 1925 672 1968 in
707 1940 831 1969 causa
866 1926 1091 1971 valentina
1125 1929 1246 1972 Servi
1281 1929 1364 1973 Dei
1398 1929 1568 1972 loannis
1597 1927 1652 1971 de
1687 1928 1844 1972 Ribera
1878 1941 2011 1983 super
2046 1925 2160 1970 sama

629 1985 865 2029 sanctitatis
899 1987 941 2030 in
977 2003 1150 2045 genere.
1177 2013 1205 2021 —
1228 1991 1304 2032 Hic
1339 1999 1481 2034 autem
1520 2005 1604 2032 non
1651 1997 1715 2031 cst
1760 1988 1912 2032 modus
1958 1986 2163 2031 iuridicus

631 2047 848 2105 probandi
882 2048 1060 2101 samam,
1099 2050 1206 2092 ‹tum
1241 2057 1328 2095 tota
1369 2051 1475 2095 ratio
1517 2050 1764 2100 radicatur,
1810 2057 1852 2093 et
1896 2047 2088 2091 consistit
2121 2049 2164 2091 in

632 2108 887 2153 auctoritate
920 2110 1149 2168 Scriptoris
1185 2111 1296 2155 vitae
1330 2127 1443 2171 quae
1478 2127 1563 2155 non
1599 2119 1738 2169 potest
1770 2126 1860 2154 esse
1895 2109 2022 2152 multi
2058 2124 2164 2166 pon—

632 2168 765 2219 deris,
802 2171 978 2227 quando
1013 2172 1186 2215 historia
1220 2187 1304 2215 non
1341 2182 1403 2217 est
1436 2173 1759 2231 antiquissima;
1797 2181 1839 2214 et
1872 2171 1970 2214 ideo
2004 2169 2059 2213 de
2093 2185 2161 2212 or-

635 2230 737 2273 dine
770 2231 922 2275 Sacrae
955 2233 1310 2291 Congregationis
1342 2249 1439 2278 meo
1476 2243 1670 2292 tempore
1706 2233 1783 2276 suit
1816 2232 1966 2276 addita
2012 2231 2056 2273 in
2104 2230 2166 2272 ui-

635 2290 738 2333 timo
775 2291 1103 2351 interrogatorio
1138 2293 1194 2338 de
1228 2294 1358 2346 fama,
1397 2295 1620 2353 particula,
1658 2294 1779 2352 quod
1814 2293 1929 2336 testis
1962 2291 2077 2335 dicat
2112 2306 2164 2334 an

638 2367 687 2394 ea
722 2351 777 2395 de
810 2354 968 2410 quibus
1000 2355 1150 2399 asserit
1185 2355 1328 2407 fuisse,
1366 2365 1408 2398 et
1441 2371 1534 2399 esse
1569 2355 1806 2412 publicam,
1845 2367 2014 2402 vocem,
2042 2359 2086 2394 ct
2107 2352 2164 2394 fa-

638 2427 755 2455 mam
793 2412 942 2471 iegerit
992 2415 1030 2457 in
1077 2416 1256 2459 historia
1301 2418 1416 2460 vit-ae
1457 2416 1581 2462 Servi
1615 2416 1714 2459 Dei.
1736 2416 1872 2458 -Hoc
1904 2415 2043 2473 posito
2079 2412 2166 2455 vita

639 2474 800 2518 Servae
833 2476 914 2519 Dei
949 2476 1116 2522 Sororis
1149 2478 1307 2522 Mariae
1341 2478 1399 2522 ab
1430 2477 1728 2522 incarnatione
1761 2477 1818 2520 ab
1852 2475 1950 2519 Eius
1984 2473 2076 2518 sitio
2120 2473 2163 2516 in

643 2534 783 2578 lucem
831 2536 947 2580 edita
989 2537 1067 2581 fuit.
1106 2538 1278 2582 duobus
1322 2538 1480 2583 abhinc
1514 2539 1705 2597 praecise
1748 2536 1926 2581 saeculis
1965 2534 2166 2578 videlicet

637 2594 830 2654 quinque
863 2597 1088 2642 dumtaxat
1124 2608 1217 2657 post
1250 2616 1385 2643 anuos
1417 2619 1438 2644 a
1476 2600 1661 2659 pretioso
1696 2599 1842 2642 mr'ris
1890 2612 1991 2640 suae
2040 2595 2167 2638 obitu

639 2656 713 2713 qui
750 2658 927 2716 contigit
951 2674 1067 2703 anno
1091 2661 1320 2704 millesimo
1339 2661 1653 2705 sexcentesimo
1675 2659 1990 2718 septuagesimo
2013 2671 2167 2700 secun-

639 2716 712 2759 do.
751 2719 816 2761 De
848 2734 933 2777 qua
967 2720 1151 2779 quidem
1187 2738 1247 2773 re,
1285 2732 1328 2767 et
1361 2723 1415 2767 de
1449 2722 1703 2767 anctoritate
1737 2722 1863 2765 huius
1898 2721 2008 2763 vitae
2032 2717 2167 2761 tidem

639 2777 735 2820 facit
769 2782 1083 2836 apertissimam
1119 2790 1162 2825 et
1195 2784 1425 2827 indubiam
1461 2785 1576 2827 testis
1598 2784 1738 2827 xvm
1761 2798 1874 2841 quae
1903 2782 2166 2835 interrogata

638 2837 693 2882 de
727 2839 997 2886 documentis
1029 2843 1189 2887 dictam
1224 2845 1473 2889 Sanctitatis
1497 2847 1675 2889 Famam
1700 2842 2086 2902 comprobantibus
2110 2839 2165 2882 ita

646 2914 722 2956 pro
757 2902 935 2947 veritate
970 2905 1210 2962 respondit:
1243 2927 1256 2943 a
1287 2908 1318 2950 ΙΙ
1354 2906 1615 2950 documento
1648 2906 1727 2949 che
1760 2906 1799 2949 io
1824 2906 1878 2949 ho
1901 2916 2072 2961 scmpre
2095 2900 2170 2944 sti-
