2616 3552
595 261 656 305 92

586 334 707 379 modi
742 336 1035 379 narrationem
1084 335 1311 395 perlegens
1344 344 1518 395 stupore
1556 337 1741 394 percitus
1792 335 1972 381 miratus
2012 352 2108 382 sum

587 396 870 441 veliementer
901 394 1021 454 quod
1055 396 1395 441 Animadversor
1429 397 1817 455 praestantissimus
1849 397 2001 456 culpae
2037 398 2110 442 tri-

585 457 730 502 buerit
765 463 806 499 et
838 455 1022 500 defectui
1057 458 1218 502 Sorvae
1252 458 1333 501 Dei
1368 458 1525 503 sactum
1552 458 1657 502 illud
1682 458 1802 519 quod
1825 457 1884 502 ab
1906 458 2109 502 omnibus

588 517 790 578 (exclusis
824 525 989 560 tantum
1024 517 1074 561 iis
1107 517 1182 577 qui
1236 525 1405 563 terrena
1440 519 1628 580 sapiunt)
1665 519 1795 564 veluti
1842 520 2061 563 heroicum
2089 553 2099 570 ,

588 586 632 624 et
668 578 795 622 laude
841 577 1021 636 dignum
1070 579 1226 622 merito
1276 579 1475 624 habitum
1521 587 1615 632 est,
1652 579 2008 639 quandoquidem
2046 594 2114 623 re-

586 647 797 683 novatum
832 638 873 682 in
907 655 958 682 eo
992 640 1176 698 quisque
1211 640 1500 698 deprehendit
1551 641 1655 684 illud
1690 641 1809 701 quod
1859 640 2014 699 legitur
2052 640 2109 685 de

585 701 632 746 S.
670 701 829 743 toanna
862 700 1081 744 Fruncisea
1116 701 1308 744 Fremiot
1332 701 1387 745 ‹le
1422 701 1602 745 Clinntal
1628 701 1886 746 Fundatrice
1920 701 2110 745 instituti

586 760 854 805 visitationis
874 761 918 805 S.
936 761 1110 805 Mariae.
1135 763 1199 805 De
1233 763 1287 806 Ea
1313 777 1501 821 namque
1525 763 1628 805 iiuec
1652 762 1691 805 in
1717 762 1899 806 lectione
1922 763 1977 805 vt
2002 763 2105 806 Bre-

587 820 713 865 viarii
748 822 928 866 Romani
963 821 1019 865 ad
1054 837 1145 865 rem
1181 822 1416 867 habemur.
1452 847 1479 855 -
1515 824 1552 867 A
1590 824 1745 867 Sancto
1778 822 2000 867 Francisco
2033 824 2111 867 Sa-

587 883 692 926 lesio
726 898 812 941 quo
845 882 1018 940 spiritus
1053 881 1325 927 moderatore
1359 899 1433 926 usa
1471 884 1573 934 suit,
1613 883 1806 927 divinam
1842 883 2108 927 voluntatem

586 943 753 993 edocta,
793 942 1016 1001 proprium
1052 952 1292 1001 parentem,
1330 959 1541 996 socerum,
1569 943 1704 987 lilium
1738 943 1930 1003 denique
1967 944 2110 1002 ipsum

585 1018 717 1065 quem
752 1004 881 1046 etiam
922 1003 1133 1047 vocationi
1180 1005 1463 1048 obsistentem
1498 1021 1574 1049 sua
1608 1020 1632 1047 e
1678 1006 1809 1048 domo
1850 1005 2106 1063 egrediens,

587 1064 777 1123 pedibus
808 1064 969 1107 calcare
1005 1079 1089 1107 non
1127 1065 1379 1116 dubitavit,
1420 1066 1573 1110 invicta
1617 1066 1850 1109 constantia
1886 1065 2106 1117 deseruit,

585 1135 626 1169 et
651 1125 756 1168 sacri
784 1126 967 1168 lnstituti
989 1125 1254 1169 Visitationis
1277 1127 1458 1171 Sanctae
1484 1127 1643 1171 Mariae
1679 1127 1959 1170 fundamenta
1995 1125 2107 1170 iecit.

586 1188 727 1242 Quam
762 1185 937 1243 quidem
972 1187 1173 1230 Sanctam
1209 1196 1250 1230 et
1286 1187 1439 1231 sortem
1475 1188 1700 1231 mulierem
1734 1189 1866 1232 Soror
1900 1187 2029 1231 Maria
2054 1187 2111 1230 ab

586 1247 886 1290 lucarnatione
932 1261 1046 1304 pone
1092 1256 1235 1290 secuta
1282 1256 1345 1291 est
1394 1256 1437 1290 et
1471 1248 1642 1306 egregie
1694 1248 1857 1291 imitata
1894 1247 2110 1306 siquidem

587 1322 672 1351 non
708 1322 826 1350 secus
859 1323 906 1350 ac
941 1307 1015 1350 llla
1048 1308 1297 1352 admirabili
1332 1308 1503 1366 spiritus
1539 1308 1788 1352 fortitudine
1845 1324 1921 1366 per
1955 1323 2105 1351 omnes

586 1369 704 1411 vitae
735 1368 906 1411 semitas
943 1368 983 1411 in
1021 1368 1086 1412 via
1122 1368 1395 1426 perfectionis
1429 1369 1588 1413 donata
1624 1386 1647 1412 a
1683 1370 1775 1412 Deo
1809 1370 1977 1426 copiosa
2015 1369 2109 1419 suit,

586 1434 626 1472 et
653 1428 759 1472 sicut
784 1429 856 1472 llla
880 1444 990 1473 nova
1016 1430 1136 1486 prole
1163 1429 1390 1473 Ecclesiam
1418 1430 1570 1474 Christi
1597 1430 1837 1480 illustravit,
1867 1430 1922 1473 ita
1947 1430 2114 1473 ethaeo

586 1504 770 1548 pergens
806 1490 964 1532 invicto
999 1491 1143 1533 animo
1179 1490 1232 1534 ad
1266 1490 1566 1535 Canadensem
1602 1491 1836 1548 regionem,
1874 1498 2016 1534 erecto
2051 1490 2112 1533 ibi

588 1565 702 1593 nove
737 1551 988 1594 Menasterio
1022 1552 1251 1608 sylvestres
1285 1551 1375 1595 illas
1410 1560 1558 1609 gentes
1592 1552 1679 1594 zelo
1716 1567 1816 1595 vere
1864 1551 2112 1609 Apostolioe

586 1611 799 1655 Ecclesiae
831 1612 1075 1656 Catholicae
1108 1612 1370 1671 aggregavit,
1409 1620 1536 1671 atque
1570 1612 1700 1656 etiam
1736 1612 1872 1655 civilis
1905 1611 2115 1655 societatis

588 1672 819 1731 participes
853 1672 964 1715 fecit.

713 1733 817 1774 115.
855 1731 939 1776 Sed
976 1733 1115 1776 forsan
1153 1733 1327 1777 instabit
1377 1733 1660 1777 Adversarius
1694 1733 1891 1791 egregius
1924 1743 1961 1776 et
2000 1733 2117 1777 dicet,

590 1808 675 1836 non
711 1792 826 1835 bene
859 1808 949 1836 sese
983 1794 1159 1851 gessisse
1193 1796 1373 1837 Sei-vam
1411 1795 1488 1837 Dei
1527 1796 1568 1838 in
1605 1810 1655 1837 eo
1688 1795 1810 1853 quod
1858 1794 1994 1838 {ilium
2039 1794 2114 1837 de-

585 1853 814 1912 reliquerit
846 1861 933 1896 tum
971 1869 1070 1897 eum
1106 1863 1401 1898 maternarum
1435 1870 1635 1898 curarum
1671 1855 1857 1898 maxime
1884 1855 2110 1913 indigeret.

586 1916 642 1958 At
676 1930 755 1972 ego
788 1913 914 1965 dieo,
953 1915 1067 1973 quod
1122 1915 1363 1958 notandum
1400 1924 1458 1958 est
1495 1916 1657 1973 duplex
1692 1932 1782 1958 esse
1817 1925 2113 1959 maternarum

586 1990 789 2019 curarum
824 1990 972 2033 genus,
1012 1977 1159 2019 Unum
1193 1976 1398 2019 videlicet
1441 1977 1556 2035 quod
1612 1977 1782 2035 respicit
1810 1977 1973 2020 bonum
2018 1992 2115 2034 pro-

587 2037 636 2080 lis
669 2036 890 2079 materiale
913 2071 922 2087 ,
959 2037 1148 2081 alterum
1183 2037 1300 2095 quod
1335 2037 1559 2095 spirituale
1594 2036 1789 2081 eiusdem
1831 2037 2113 2080 commodum

587 2097 773 2154 attingit.
811 2097 854 2140 Si
890 2097 943 2140 de
978 2098 1121 2156 primo
1155 2112 1297 2141 sermo
1332 2099 1385 2141 sit
1418 2108 1580 2142 eertum
1617 2107 1679 2141 est
1711 2098 1830 2157 quod
1865 2101 1996 2142 Serva
2032 2097 2113 2140 Dei

587 2173 733 2203 curam
768 2158 895 2215 gessit
930 2174 1032 2202 vere
1066 2167 1310 2202 maternam
1347 2158 1423 2202 filii
1456 2160 1519 2202 sui
1556 2159 1692 2202 donec
1716 2160 1807 2217 ipse
1830 2159 2110 2209 adolesceret,

585 2228 628 2263 et
664 2219 766 2262 haec
800 2218 877 2262 fuit
911 2220 1167 2278 praecipua,
1207 2219 1293 2262 imo
1329 2220 1452 2263 unica
1486 2236 1613 2264 causa
1647 2221 1703 2264 ob
1737 2233 1867 2279 quam
1903 2219 2047 2261 statim
2083 2235 2105 2261 a

586 2280 667 2323 viri
704 2280 853 2323 funere
887 2281 1149 2338 Religiosum
1184 2288 1344 2324 statum
1384 2281 1573 2324 nonfuit
1599 2281 1856 2340 aiiiplexata,
1883 2280 2006 2322 sicuti
2035 2294 2107 2321 ve-

586 2342 815 2385 hementer
846 2342 1169 2400 concupiverat.
1200 2341 1243 2384 ld
1275 2341 1405 2394 clare,
1429 2350 1466 2384 et
1504 2341 1802 2385 indubitanter
1826 2341 2009 2383 innuunt
2047 2339 2116 2383 illa

586 2402 706 2446 testis
742 2402 890 2446 verba:
932 2422 948 2440 ε
981 2402 1239 2461 prendendo
1274 2402 1375 2462 (Dei
1412 2403 1608 2461 Famula)
1644 2403 1682 2446 la
1708 2401 1961 2445 risoluzione
1985 2400 2028 2443 di
2060 2400 2114 2442 ri-

594 2483 610 2503 »
640 2462 781 2505 tirarsi
817 2463 887 2506 dal
925 2464 1104 2513 mondo,
1145 2479 1237 2506 rese
1271 2464 1414 2521 grazie
1448 2481 1469 2508 a
1505 2463 1604 2514 Dio,
1633 2479 1716 2506 non
1771 2461 1971 2507 dovendo
2017 2462 2117 2504 Essa

595 2544 609 2562 ι
642 2538 823 2582 pensare
856 2524 905 2568 ud
942 2524 1052 2567 altro
1086 2524 1162 2567 che
1198 2540 1219 2567 a
1257 2525 1355 2577 Dio,
1384 2525 1483 2568 ead
1519 2524 1705 2567 educare
1742 2523 1766 2565 il
1801 2539 1879 2565 suo
1905 2522 2019 2579 liglio
2045 2522 2113 2579 pel

591 2603 608 2625 ι
641 2600 718 2627 suo
759 2585 956 2644 servigio,
995 2585 1287 2644 aggiornanilo
1312 2602 1334 2628 a
1361 2585 1522 2629 motivo
1546 2585 1659 2629 delle
1692 2601 1793 2627 cure
1817 2584 1895 2627 che
1931 2583 2021 2626 Ella
2054 2582 2113 2640 gli

594 2667 609 2683 ι
639 2645 823 2694 doveva.
864 2646 1193 2704 l'eseguimento
1227 2646 1296 2690 del
1331 2663 1407 2690 suo
1443 2653 1639 2705 progetto
1673 2645 1715 2688 di
1756 2645 1948 2688 rendersi
1994 2643 2116 2686 llrli-

592 2727 609 2745 ι
639 2707 754 2764 giosa
790 2707 873 2766 (1).
903 2727 917 2745 ι
957 2709 1085 2751 Certe
1119 2707 1152 2750 si
1190 2715 1360 2751 mortuo
1411 2708 1480 2749 vix
1532 2707 1623 2749 viro
1676 2709 1807 2749 Serva
1845 2705 1922 2749 Dei
1974 2703 2113 2747 fitium

586 2768 731 2812 adluu-
766 2768 972 2812 infantem
1010 2768 1309 2828 dereliquisset
1354 2769 1517 2826 absque
1568 2767 1653 2810 ullo
1700 2767 1890 2810 hnmano
1926 2765 2071 2808 medio
2104 2799 2111 2815 ,

713 2888 778 2947 (1)
814 2888 966 2932 Summ.
1003 2905 1105 2946 paq.
1141 2889 1201 2932 20
1235 2889 1263 2948 S
1298 2888 1373 2931 35.
