2632 3568
1964 268 2023 311 39

501 333 702 374 Processu
735 331 947 376 destinato
982 331 1037 375 ad
1069 333 1259 391 aliquem
1292 336 1448 392 prioris
1470 336 1686 380 defectum
1722 336 2019 395 supplendum

504 392 732 449 praecipue
766 393 909 451 quoad
942 393 1134 436 heroicas
1167 395 1325 438 Servac
1362 396 1438 438 Dei
1465 396 1656 448 virtutes,
1685 405 1726 441 et
1759 398 1894 441 vitam
1933 415 2019 442 res-

504 467 587 509 que
621 453 677 496 ab
711 454 767 497 Ea
811 461 947 512 gestas
983 452 1260 505 illustriores,
1296 456 1506 498 accedunt
1540 457 1717 514 quidem
1756 465 1902 505 testes.
1941 460 2018 503 sed

500 526 581 555 non
617 529 789 571 prorsus
825 513 958 556 iidem
982 528 1030 556 ac
1054 514 1110 557 illi
1136 514 1212 573 qui
1251 514 1290 556 in
1317 515 1460 572 priore
1483 518 1684 560 Processu
1709 533 1888 562 examen
1913 520 2018 563 sub-

502 573 672 625 ierunt,
710 574 783 617 sed
817 589 892 617 sex
924 574 1181 625 dumtaxat,
1221 574 1334 633 iique
1368 591 1519 619 omnes
1552 592 1576 618 e
1609 577 1820 635 Religiosa
1855 580 2017 624 Ursuli-

504 647 658 676 narum
692 634 1038 689 Quebecensium
1089 634 1269 678 Familia
1302 652 1416 694 quac
1451 636 1610 680 idcirco
1661 639 1903 695 parationes
1947 641 2019 683 in-

502 701 659 737 ventae
692 702 789 737 sunt
818 693 874 737 ad
898 694 1204 753 deponendum
1230 695 1284 738 de
1317 697 1499 740 heroicis
1522 698 1601 740 Dei
1625 698 1827 742 Famulae
1851 699 2019 743 virtuti-

502 754 600 803 bus,
628 762 672 797 et
705 755 931 812 praeclaris
965 755 1079 800 lllius
1116 755 1229 799 vitae
1261 758 1387 814 gestis
1421 773 1505 800 non
1540 758 1679 801 solum
1715 760 1815 816 quia
1849 759 2020 817 biogra-

501 814 648 872 phiam
675 816 875 859 manibus
899 816 1049 860 dictim
1085 826 1243 868 terunt,
1270 818 1344 861 sed
1378 817 1511 861 etiam
1535 818 1636 877 quia
1659 819 1713 861 de
1737 819 1859 862 dictis
1886 819 2020 863 virtu-

503 874 632 926 tibus,
653 876 886 927 miraculis,
900 887 941 921 et
959 879 1158 936 supernis
1175 878 1501 922 charismatibus
1519 879 1674 937 passim
1694 880 1873 923 eaedem
1894 879 2023 924 disse-

501 936 671 986 rebant,
689 945 731 979 et.
754 938 810 980 de
832 938 996 982 eisdem
1021 940 1246 998 loquentes
1267 940 1444 998 singulis
1468 940 1555 983 fere
1578 939 1689 983 horis
1713 940 1971 984 audiebant.

624 997 699 1039 65.
738 997 784 1041 l'd
818 1000 1031 1055 probatur
1063 1000 1385 1043 evidentissime
1420 999 1485 1042 vel
1528 1000 1639 1043 illius
1674 1000 1790 1044 testis
1824 1003 2017 1043 auctori-

500 1066 585 1102 tate
618 1074 749 1118 quam
786 1059 910 1102 nobis
943 1061 1125 1118 opponit
1159 1060 1498 1103 Animadversor
1520 1060 1639 1103 cuius
1673 1061 1777 1103 haec
1810 1061 1942 1105 verba
1979 1061 2020 1104 in

498 1120 695 1163 medium
731 1119 948 1179 producit.
990 1140 1006 1158 ε
1030 1123 1083 1165 Se
1108 1136 1160 1163 ne
1184 1120 1411 1177 disputava
1447 1121 1473 1163 il
1508 1120 1734 1177 privilegio
1768 1120 1811 1163 di
1847 1121 2018 1178 lcggere

506 1200 521 1217 n
549 1180 574 1223 il
610 1182 702 1224 solo
735 1181 975 1239 cseinplare
998 1181 1110 1225 della
1134 1181 1222 1224 vita
1246 1180 1360 1224 della
1383 1180 1500 1224 detta
1525 1180 1686 1224 Madrc.
1722 1200 1738 1218 ι
1765 1182 1878 1223 llaec
1902 1196 2023 1224 nam-

498 1256 583 1298 que
620 1241 735 1284 testis
767 1250 865 1284 ante
910 1242 1039 1285 allata
1075 1257 1175 1284 mox
1211 1242 1344 1285 verba
1380 1242 1437 1284 uti
1481 1256 1583 1283 mox
1626 1240 1826 1284 adnotavi
1864 1241 1930 1283 vel
1966 1242 2022 1284 ab

499 1301 678 1344 infantia
712 1302 873 1345 samam
907 1303 963 1346 dc
997 1302 1230 1347 Sanctitate
1252 1304 1295 1346 S.
1324 1304 1381 1345 D.
1403 1301 1652 1360 opinionem
1683 1301 1872 1344 retinuit.
1901 1302 2023 1356 Quae

498 1362 678 1420 quidem
713 1362 828 1405 testis
862 1361 1012 1420 opinio
1046 1379 1098 1405 ex
1122 1363 1212 1405 eius
1239 1362 1382 1406 verbis
1406 1362 1684 1406 conlirmatur
1708 1361 1941 1405 traditione
1964 1378 2026 1405 se-

498 1424 669 1466 niorum
704 1423 954 1467 Monialium
978 1438 1078 1465 cum
1102 1423 1264 1483 quibus
1288 1424 1378 1481 ipsa
1404 1423 1444 1466 in
1470 1423 1723 1466 Monasterio
1747 1422 2022 1478 Quebcccnsi

499 1484 633 1527 vitam
671 1483 877 1527 traduxit.
915 1483 1047 1528 Cuius
1090 1484 1221 1527 etiam
1257 1485 1391 1527 relatu
1430 1483 1549 1527 testis
1592 1490 1754 1526 constat
1802 1483 1918 1541 quod
1969 1483 2025 1526 de

498 1544 733 1588 Sanctitate
766 1546 928 1589 Sorvae
963 1545 1045 1587 Dei
1079 1544 1244 1588 Sororis
1278 1545 1435 1589 Mariae
1468 1544 1527 1587 ab
1550 1543 1845 1587 lncarnatione
1869 1543 2024 1586 eodem

498 1605 630 1649 modo
665 1612 894 1648 senserunt
927 1605 1128 1648 Monialcs
1161 1621 1272 1663 quae
1307 1613 1513 1649 venerant
1546 1620 1600 1647 ex
1622 1604 1774 1654 Gallia,
1802 1617 1844 1646 et
1868 1604 2023 1646 lliber-

500 1666 583 1709 nia.
622 1667 670 1708 In
702 1665 823 1708 cuius
857 1664 918 1707 rei
950 1664 1320 1708 confirmationem
1357 1664 1504 1708 subdit
1539 1664 1654 1708 testis
1687 1664 1801 1722 quod
1840 1664 2025 1720 ipsamet

498 1726 779 1781 Qucbcccnse
812 1725 1116 1769 Monasterium
1142 1726 1387 1783 ingrediens
1412 1726 1516 1769 illud
1541 1725 1673 1768 odore
1694 1724 1885 1783 quodam
1896 1723 2029 1767 modo

499 1785 741 1831 Sanctitatis
774 1785 916 1830 dictae
949 1787 1031 1829 Dei
1063 1787 1270 1831 Famulae
1303 1787 1525 1831 imbutum
1561 1785 1739 1829 invenit.
1787 1784 1913 1828 Unde
1959 1784 2022 1827 la-

499 1857 617 1891 ctum
651 1847 802 1890 asserit
835 1846 953 1905 quod
987 1847 1146 1891 Eadem
1181 1850 1311 1892 Serva
1345 1847 1428 1891 Dei
1473 1846 1533 1890 ibi
1574 1846 1613 1889 in
1657 1845 1857 1904 periculis
1898 1844 2028 1889 fuerit

501 1908 725 1951 efficaciter
759 1907 971 1959 invocata,
1010 1916 1053 1951 et
1084 1908 1186 1952 Eius
1217 1909 1397 1952 virtutes
1430 1907 1592 1951 cunctis
1624 1907 1714 1950 sive
1750 1905 1993 1949 iunioribus
2014 1939 2024 1956 ,

499 1969 589 2012 sive
624 1968 868 2012 senioribus
900 1968 1098 2011 stimulus
1132 1970 1355 2012 extiterint
1381 1969 1434 2011 ad
1458 1967 1772 2026 assequendam
1798 1966 2026 2025 perfectio-

502 2044 617 2072 nem.
657 2029 827 2082 Quibus
862 2028 1106 2086 praemissis
1140 2038 1381 2073 memorata
1429 2029 1546 2072 testis
1582 2028 1714 2071 verba
1749 2027 1819 2070 ilia
1853 2043 1875 2070 a
1917 2028 2027 2071 Cen-

501 2105 595 2133 sore
631 2098 774 2133 nostro
809 2089 936 2133 citata
971 2090 1148 2146 protulit
1184 2090 1401 2134 videlicet.
1433 2110 1448 2127 α
1479 2091 1534 2134 Se
1558 2105 1611 2132 ne
1633 2088 1860 2146 disputava
1892 2087 1919 2129 il
1946 2088 2030 2144 pri—

508 2171 524 2189 »
553 2150 713 2207 vilegio
745 2149 791 2192 di
826 2150 999 2207 lcggere
1033 2149 1060 2192 il
1095 2151 1185 2193 solo
1219 2152 1459 2208 esemplare
1492 2150 1606 2194 della
1643 2150 1728 2192 vita
1763 2148 1877 2191 della
1907 2147 2028 2192 detta

509 2232 525 2250 ι
552 2211 701 2254 Madre
734 2211 812 2254 che
846 2210 1029 2253 esisteva
1073 2211 1114 2253 in
1149 2212 1292 2270 quella
1325 2213 1449 2257 Casa.
1496 2231 1512 2249 ιι
1556 2209 1683 2265 Quod
1718 2209 1776 2252 ita
1821 2209 1863 2251 ni
1905 2208 2031 2252 fallor

503 2271 708 2329 explicari
746 2279 900 2329 potest.
940 2271 1142 2315 llloniales
1176 2272 1479 2327 Quebccenses
1512 2271 1801 2314 admiratione
1834 2270 2027 2326 percitae

503 2331 771 2375 heroicarum
807 2331 1017 2374 relatione
1050 2333 1269 2376 Virtutum
1304 2335 1463 2376 Servae
1486 2332 1566 2375 Dei
1591 2330 1758 2376 Sororis
1785 2330 1944 2373 Mariae
1974 2331 2031 2373 ab

504 2392 802 2436 lncarnatione
836 2392 917 2435 sibi
953 2391 1061 2434 facta
1094 2409 1118 2436 a
1152 2393 1395 2437 senioribus
1429 2393 1637 2437 Mati-ihus
1671 2390 1887 2435 desiderio
1911 2406 2033 2434 exar-

504 2461 652 2497 serunt
686 2453 817 2496 dictas
851 2453 1046 2503 virtutes,
1083 2469 1239 2512 resque
1272 2455 1492 2514 praeclare
1528 2453 1584 2496 ab
1618 2455 1674 2496 Ea
1697 2460 1833 2511 gestas
1856 2451 2032 2494 ordina-

506 2514 582 2557 tim
624 2513 809 2571 digestas
859 2513 901 2556 in
951 2512 1068 2557 lllius
1114 2515 1375 2573 biographia
1423 2514 1671 2572 perlegere,
1718 2530 1766 2557 ac
1806 2511 2027 2555 meditari.

505 2577 565 2618 Ex
599 2574 783 2618 lectione
819 2589 919 2617 vero
952 2573 1092 2618 dictae
1127 2576 1407 2633 biographiae
1439 2574 1719 2618 confirmatur
1752 2574 1794 2616 in
1832 2580 1962 2624 teste,
1990 2581 2033 2616 et

507 2635 548 2678 in
584 2636 701 2678 Illius
734 2635 1040 2679 consodalibus
1074 2636 1172 2680 idea
1205 2636 1448 2682 Sanctitatis
1481 2637 1641 2681 Servae
1683 2634 1767 2677 Dei
1807 2633 1868 2677 uti
1913 2642 2032 2691 patet

506 2711 558 2739 ex
592 2696 734 2740 verbis
766 2711 879 2754 quac
912 2696 1110 2755 proxime
1143 2707 1381 2756 sequuntur
1415 2697 1486 2740 illa
1520 2697 1576 2739 ab
1598 2695 1858 2740 Adversario
1883 2695 2028 2747 citata,

507 2757 682 2801 scilicet.
715 2778 730 2795 «ι
755 2758 799 2800 lo
823 2757 1011 2800 ammiro
1043 2766 1303 2815 soprattutto
1328 2759 1355 2801 il
1380 2774 1458 2802 suo
1481 2757 1663 2801 ardente
1686 2772 1831 2801 amore
1855 2756 1901 2800 di
1927 2756 2028 2807 Dio,

512 2838 526 2856 ι
557 2818 597 2861 la
632 2835 708 2862 sua
740 2818 984 2876 generosita
1020 2818 1087 2861 nel
1122 2819 1362 2863 sacrificare
1397 2819 1553 2868 l'unico
1577 2834 1651 2861 suo
1676 2818 1792 2876 figtio
1815 2817 2030 2861 entrando

514 2898 529 2917 ι
559 2879 601 2922 in
639 2880 877 2938 Religione,
915 2895 938 2923 e
973 2879 1011 2922 la
1046 2895 1119 2923 sua
1152 2881 1281 2924 carita
1315 2896 1440 2925 verso
1474 2880 1485 2923 i
1518 2879 1734 2938 Selvaggi,
1772 2895 1796 2922 e
1830 2894 1954 2922 verso
1988 2879 2028 2921 le

2575 705 2596 943 <-...—.--).1„.v—«,.
2578 673 2581 690 «2

2592 1187 2594 1189 -
2590 1132 2604 1156 ,ἡ
2589 1079 2605 1121 >2¹
2586 1043 2606 1065 :ss
2582 1002 2605 1030 Ἓξ
2582 960 2595 985 <''‘'
2588 893 2597 943 Μ’
