2720 3584
449 1311 552 1354 464.

456 2525 560 2570 462.

1996 208 2058 256 85

565 282 824 335 inveniatur,
860 290 903 328 et
934 281 1114 343 quidem
1137 281 1309 328 heroico
1334 281 1375 327 in
1399 280 1538 342 gradu
1563 279 1604 325 in
1626 281 1763 330 Serva
1785 280 1883 333 Dei,
1903 290 2062 326 uti-um·

563 343 724 391 seiiicet
739 344 835 403 ipsa
854 343 1086 403 unicuique
1106 343 1224 403 quod
1247 359 1373 387 suum
1397 351 1488 389 erat
1509 350 1758 387 constanter
1778 349 1820 387 et
1842 351 2057 402 perpetuo

561 404 776 450 tribuerit.
812 404 1057 474 Antequam
1092 419 1193 448 vero
1226 403 1415 462 idipsum
1451 403 1750 475 investigetur,
1771 417 1879 462 opus
1912 411 1975 447 est
2009 411 2057 447 ιιι

563 466 757 512 diversae
791 463 975 509 hominis
1007 463 1236 508 relationes
1267 464 1588 523 dignoscantur,
1615 463 1723 509 idest
1746 464 1854 508 seii-e
1878 478 2048 507 neeesse

563 534 627 571 est
658 524 732 584 qui
764 524 849 569 sint
881 524 907 569 ii
940 523 1101 583 quibus
1132 524 1260 569 homo
1294 524 1358 569 ius
1379 539 1506 569 suum
1530 524 1687 570 debeat
1711 522 1922 569 tribuet-e.
1944 525 2055 569 Cum

563 601 667 630 vero
701 586 830 630 homo
862 592 904 629 et
937 600 961 629 a
994 586 1087 629 Deo
1119 593 1289 629 creatus
1321 584 1387 637 sit,
1424 592 1468 629 et
1502 585 1594 644 ipse
1627 600 1712 629 non
1763 593 1942 644 propter
1973 600 2017 629 se
2037 618 2048 635 ,

563 644 639 691 sed
674 652 853 705 propter
884 646 1044 697 Deum,
1081 653 1125 689 et
1161 645 1215 689 ad
1265 644 1395 690 tinem
1441 645 1810 704 supernatat-atem
1861 646 2054 690 elevatus

564 714 742 751 naturae
773 706 989 750 humanae
1021 705 1281 756 indebitum,
1319 720 1367 749 ae
1399 704 1577 750 demum
1602 705 1716 750 idem
1743 722 1824 750 non
1851 706 1893 750 in
1917 706 2048 765 sylvis

563 767 753 811 ferarum
787 779 908 811 more
941 765 1073 811 vitam
1106 766 1265 812 debeat
1298 765 1546 825 transigere,
1583 766 1657 811 sed
1693 766 1734 809 in
1769 765 1954 811 humanu
1984 782 2051 810 so-

564 828 718 872 cietate
740 844 764 872 ιι
788 828 880 871 Deo
900 828 1104 872 Creator-e
1126 827 1372 878 collocatus,
1388 842 1441 871 ex
1457 826 1749 887 hoe'sequitui·
1764 825 1881 885 quod
1906 826 2058 885 triplex

563 887 733 945 exurgit
751 886 902 932 relatio
934 902 1064 947 quam
1099 887 1230 932 homo
1263 886 1395 932 habet
1426 887 1571 958 quoad
1600 889 1759 939 Deum,
1784 886 1990 946 seipsum,
2016 895 2060 930 et

564 947 839 1008 proximum,
874 964 923 993 ae
962 948 1116 1007 triplex
1163 947 1323 993 exinde
1364 947 1601 1007 obligatio,
1626 949 1768 993 Deum
1802 963 1962 1006 nempe
1995 963 2062 991 su-

564 1024 642 1068 per
662 1008 810 1054 onmia
848 1008 1057 1067 diligendi
1091 1008 1280 1067 seipsum
1315 1007 1422 1054 idest
1453 1009 1717 1054 saevientem
1751 1008 1888 1053 carnis
1922 1009 2061 1067 legem

564 1085 644 1129 pro
669 1068 808 1113 ultimi
836 1069 933 1114 finis
966 1069 1231 1115 assecutione
1264 1069 1429 1114 fortiter
1460 1069 1747 1121 refraenandi,
1784 1084 1833 1113 ae
1864 1067 2057 1127 denique

569 1129 815 1189 proximum
848 1144 974 1175 suum
1006 1130 1171 1175 sincero
1192 1145 1341 1175 amore
1370 1138 1548 1190 propter
1580 1131 1722 1175 Deum
1749 1129 2058 1188 prosequendi.

564 1189 733 1247 Quibus
755 1190 1069 1236 animadversis
1102 1190 1342 1236 videndum
1367 1207 1421 1236 an
1446 1191 1588 1251 primo
1619 1191 1753 1237 Sei-va
1781 1190 1863 1234 Dei
1887 1192 2063 1235 Creato-

566 1266 658 1295 rem
693 1266 821 1296 suum
849 1266 979 1310 super
1012 1252 1160 1297 omnia
1193 1251 1410 1297 dilexerit.

590 1311 705 1355 Licet
737 1312 859 1381 plura
882 1313 939 1358 de
961 1312 1209 1357 huiusmodi
1239 1313 1402 1358 servae
1433 1312 1515 1357 Dei
1548 1311 1765 1358 Chai-itate
1786 1326 1888 1371 erga
1918 1313 2060 1355 Deum

567 1372 681 1417 dieta
714 1380 799 1416 sint
830 1387 930 1417 eum
965 1388 1019 1417 ex
1052 1373 1241 1431 professo
1274 1381 1416 1418 aetum
1450 1372 1505 1417 de
1540 1375 1598 1418 Ειι
1629 1380 1724 1425 est,
1776 1380 1967 1417 attamen
2014 1372 2058 1416 in

568 1447 719 1477 eei-um
752 1432 1125 1478 contii-mationem
1159 1433 1241 1478 alia
1275 1447 1448 1492 possum
1481 1433 1673 1493 proferre
1706 1442 1978 1491 argumenta,
2015 1442 2061 1478 et

570 1493 742 1538 testium
776 1492 1084 1553 depositiones.
1121 1493 1191 1539 Sic
1222 1502 1432 1554 quantum
1476 1495 1571 1553 lpsa
1617 1494 1780 1539 eunetis
1812 1508 1928 1552 quae
1959 1502 2058 1538 sunt

570 1555 610 1598 in
648 1554 812 1598 mundo
844 1554 1081 1613 praeferret
1116 1555 1255 1599 Deum
1289 1554 1478 1599 ostendit
1512 1553 1741 1599 manifesto
1770 1553 1970 1598 cumbae
2001 1555 2059 1598 de

571 1630 695 1660 eausa
728 1613 889 1659 nedum
922 1631 947 1659 ιι
980 1614 1147 1660 saeculo
1181 1615 1417 1660 divortium
1452 1614 1567 1667 feeit,
1590 1614 1665 1660 sed
1691 1614 1868 1673 insuper
1894 1629 1989 1658 sese
2008 1614 2068 1659 ab

569 1676 688 1720 omni
721 1675 857 1720 solatii
889 1691 1051 1736 genere
1083 1691 1394 1737 usquequaque
1426 1675 1637 1721 abstinuit
1666 1675 1806 1720 Testis
1829 1676 1843 1719 Ι
1868 1675 2061 1734 (Summ.

571 1752 693 1781 num.
714 1737 793 1781 ΧΙΙ
827 1753 927 1796 pag.
952 1737 1079 1798 405.)
1120 1757 1135 1776 ι
1167 1737 1225 1781 La
1255 1753 1332 1780 sua
1364 1737 1488 1797 eolpa
1513 1736 1589 1797 piu
1611 1735 1776 1795 grande
1797 1737 1829 1780 si
1854 1735 1899 1780 fu
1922 1736 2066 1795 qut-tta

576 1818 592 1837 ι
619 1797 663 1842 di
698 1812 802 1842 aver
838 1798 1005 1842 imitato
1041 1798 1083 1842 in
1135 1804 1282 1858 tempo
1315 1797 1360 1841 di
1394 1813 1472 1842 sna
1505 1797 1727 1858 puerizia,
1774 1806 2067 1857 quantunque

579 1879 595 1898 ι
622 1874 701 1902 eon
735 1859 853 1917 pieta
875 1892 886 1911 ‚
923 1859 962 1903 te
995 1858 1232 1903 eerimonie
1261 1858 1377 1902 delia
1409 1858 1581 1911 Cbiesa,
1616 1873 1641 1903 e
1670 1857 1716 1902 di
1751 1873 1881 1903 avere
1915 1858 1957 1902 in
1991 1873 2067 1916 ap-

577 1941 593 1958 ·
624 1934 769 1978 presso
800 1920 961 1964 evitato
994 1920 1042 1964 di
1074 1920 1284 1964 accusat-si
1318 1919 1361 1963 di
1395 1928 1555 1964 coteste
1588 1918 1788 1978 puerilita
1811 1953 1821 1971 ,
1876 1934 1964 1962 non
1996 1920 2066 1977 gia

578 2000 594 2018 ι
621 1981 702 2024 che
733 1979 775 2023 in
809 1989 962 2041 queste
995 1981 1082 2025 Ena·
1118 1981 1158 2024 vi
1193 1995 1411 2039 seon-gesse
1442 1981 1468 2024 il
1501 1988 1691 2039 peccato,
1718 1994 1788 2023 ma
1820 1979 1978 2039 perche
2000 1979 2070 2024 cio

578 2061 594 2079 ι
622 2040 656 2084 si
690 2056 916 2099 opponevn
950 2042 989 2086 ai
1024 2041 1130 2086 lumi
1151 2075 1162 2092 ,
1212 2041 1258 2085 di
1291 2041 1362 2084 eui
1396 2042 1493 2086 Essa
1543 2041 1695 2085 veniva
1730 2039 1927 2085 favor-ita.
1965 2042 2064 2084 Essa

577 2122 593 2140 ι
622 2111 920 2147 ιιηιιινιιιωιιιο
942 2103 1121 2162 depini-‹⁸›
1143 2109 1304 2146 eoteste
1329 2101 1640 2161 impet-sozimi,
1668 2101 1709 2144 le
1731 2100 1845 2161 quali
1871 2116 2069 2145 avevano

581 2182 596 2200 ι
626 2162 831 2208 ritardata
866 2164 908 2207 in
943 2163 997 2207 tei
1031 2166 1072 2208 Ιιι
1103 2163 1316 2222 eompleta
1366 2162 1580 2207 effusione
1625 2161 1698 2206 dei
1730 2160 1876 2206 celesti
1912 2161 2067 2205 favori.

578 2243 597 2261 ι
625 2223 684 2267 La
716 2239 793 2267 sun
825 2225 957 2283 pieta,
994 2224 1033 2268 ta
1065 2223 1196 2283 quate
1229 2237 1453 2267 assumeva
1475 2238 1531 2268 un
1555 2229 1765 2268 carattere
1787 2221 1830 2266 di
1855 2221 2067 2267 sei-mezza

581 2303 597 2322 ι
623 2298 797 2342 sempr-e
833 2285 906 2343 piu
938 2283 1251 2328 riman-chevele
1288 2283 1327 2326 Ιιι
1368 2283 1541 2328 indusse
1580 2299 1603 2327 a
1642 2283 1823 2343 privarsi
1867 2282 1916 2327 di
1959 2291 2072 2327 tutto

580 2364 595 2382 ι
623 2343 705 2396 οἱὸ,
740 2344 819 2389 che
852 2361 923 2389 era
957 2360 1066 2403 pura
1101 2344 1377 2395 rien-cazione,
1412 2343 1458 2388 di
1490 2343 1766 2388 altontnnnrsi
1789 2343 1862 2389 dat
1884 2344 2064 2394 mondo,

578 2424 594 2443 ο
623 2406 736 2449 onde
767 2405 974 2466 giungere
1007 2407 1048 2449 al
1080 2420 1274 2465 possesso
1306 2405 1351 2449 di
1388 2421 1445 2449 un
1475 2406 1607 2457 bene,
1644 2405 1721 2450 eine
1755 2406 1854 2450 Essa
1888 2420 1974 2449 non
1999 2422 2074 2449 co-

583 2486 599 2505 ·
627 2481 827 2510 noseevu.
853 2486 870 2507 ι

595 2527 725 2572 Cei-te
758 2528 890 2572 modo
920 2527 1115 2586 exposita
1148 2543 1173 2571 ι
1209 2536 1316 2573 teste
1338 2527 1500 2572 nedum
1521 2529 1784 2587 singularem
1804 2528 1965 2574 Sei-vae
1987 2527 2071 2571 Dei

575 2587 854 2633 dilectionem
905 2589 1094 2647 produ-t
1117 2622 1130 2640 ,
1174 2589 1251 2633 sed
1292 2596 1335 2632 et
1370 2588 1584 2634 heroicam
1620 2588 1821 2634 Eiusdem
1853 2587 2069 2633 Iustitiam

573 2664 676 2719 erga
711 2651 852 2695 Deum
885 2651 1178 2695 demonstra-t
1201 2683 1213 2700 ‚
1260 2649 1618 2710 quandoquidem
1651 2650 1826 2709 privans
1856 2664 1905 2694 se
1935 2648 2070 2694 etiam

578 2709 704 2755 lienis
735 2711 900 2756 sotanis
931 2720 977 2755 ut
1011 2712 1177 2755 iit-mins
1211 2713 1305 2755 Deo
1339 2711 1577 2756 adhaerere
1611 2719 1753 2770 posset
1788 2711 1883 2769 plus
1918 2709 2073 2754 tribuit

575 2771 660 2830 Ipsi
693 2772 785 2815 Deo
818 2788 952 2831 quam
986 2781 1206 2817 teneretu-
1237 2772 1284 2817 Εἰ
1308 2772 1428 2824 dare,
1454 2771 1677 2817 saeculum
1702 2771 1951 2832 relinquens
1971 2787 2075 2830 pro-

574 2832 671 2891 pius
704 2841 848 2877 secuta
879 2842 945 2878 est
978 2834 1194 2878 Cin-istum
1216 2833 1334 2894 quod
1360 2834 1492 2893 pluris
1516 2834 1709 2895 profecto
1730 2842 1794 2878 est
1815 2846 1951 2894 quam
1974 2831 2079 2876 Eius

577 2900 747 2938 tantum
778 2895 935 2955 exequi
968 2894 1194 2941 mandata.
