2696 3600
764 226 825 273 ⁷2

765 308 932 346 ctorum
968 317 1126 360 poenas
1148 302 1189 345 in
1221 301 1465 347 carceribus
1496 300 1762 352 detinentur,
1790 314 1986 345 summae
2021 300 2133 347 laudi
2167 302 2262 347 To·-

768 360 866 406 biae
888 363 1073 407 vertitur
1096 362 1138 406 in
1161 362 1287 406 sacris
1309 361 1460 407 litteris
1481 377 1594 423 quae
1616 363 1723 405 Eum
1746 375 2025 420 summopere
2051 363 2263 408 extollunt

766 438 818 465 eo
850 422 968 483 quod
1002 423 1208 481 pergebat
1230 421 1284 466 ad
1305 438 1460 468 omnes
1483 423 1555 483 qui
1577 430 1702 468 erant
1726 421 1766 465 in
1791 420 2056 480 captivitate,
2083 433 2124 468 ct
2147 424 2261 468 salu·

770 481 820 527 tis
851 482 1015 527 monita
1047 483 1180 528 dabat
1212 483 1291 534 cis3
1327 491 1368 528 et
1399 485 1444 530 S.
1482 484 1637 529 Paulus
1669 481 1711 525 in
1745 481 1924 540 epistola
1957 482 2010 526 ad
2046 484 2264 529 Hebraeos

768 542 846 587 boe
877 559 931 587 ex
963 544 1105 601 capite
1140 544 1368 604 praecipue
1400 544 1543 590 laudat
1580 542 1729 589 lidclcs
1762 542 1912 587 dicens
1931 567 1961 576 -
1984 544 2262 588 Rememora-

767 602 869 647 mini
904 603 1107 663 pristinos
1139 605 1230 650 dies
1266 605 1307 648 in
1340 605 1502 665 quibus
1536 603 1763 650 illuminati
1801 619 2008 663 magnum
2045 612 2261 649 certamen

762 664 1023 708 sustinuistis
1055 666 1317 725 passionum,
1354 674 1395 711 et
1429 666 1471 710 in
1514 666 1649 711 altero
1695 664 1874 724 quidem
1925 665 2173 723 opprobriis
2220 673 2263 709 et

771 724 1121 770 tribulationibus
1168 727 1458 785 spectaculum
1511 727 1624 779 lacti,
1680 727 1721 771 in
1772 726 1909 769 altero
1957 734 2101 769 autem
2151 725 2255 770 socii

771 784 910 831 taliter
942 788 1286 832 ‹convvi-santium
1333 787 1489 831 el'l‘ecti.
1527 788 1632 832 Nam
1669 794 1708 831 ct
1744 785 1900 829 vinctis
1930 788 2139 845 compassi
2162 786 2262 830 estis

767 853 848 891 etc.
886 847 1003 892 unde
1035 849 1206 905 saepius
1239 847 1440 892 laudatus
1473 848 1670 892 Pontifex
1704 844 1963 891 Benedictus
1995 848 2095 890 xtv
2119 863 2261 891 carce—

765 914 954 953 ratorum
1002 909 1291 953 visitationem
1341 924 1478 968 aeque
1526 927 1573 955 ac
1623 908 1894 952 infirmorum
1951 922 2098 951 curam
2150 908 2264 951 inter

765 969 936 1028 egregia
971 977 1012 1011 et
1045 968 1215 1014 heroica
1251 969 1571 1015 misericordiae
1603 968 1839 1027 corporalis
1870 982 2002 1025 opera
2037 983 2263 1012 recensere

766 1043 848 1072 non
882 1028 1069 1082 dubitat,
1108 1031 1383 1074 assertionem
1418 1046 1541 1075 suam
1577 1031 1771 1090 pluribus
1805 1031 2041 1074 Causarum
2077 1028 2263 1073 Relatio-

767 1088 893 1134 nibus
925 1090 1203 1141 mulii-mans,
1239 1092 1273 1136 si
1309 1093 1413 1138 hacc
1446 1107 1547 1136 vera
1580 1101 1695 1139 sunt.
1720 1100 1760 1135 et
1785 1090 1878 1135 sine
1903 1089 2140 1133 temeritate
2170 1091 2259 1133 imo

763 1158 804 1192 et
839 1151 941 1196 lidei
977 1151 1135 1196 iactura
1169 1152 1373 1212 denegari
1421 1168 1508 1196 non
1556 1161 1749 1210 possunt,
1785 1150 1893 1210 quid
1926 1149 2157 1195 (licendum
2205 1149 2263 1193 de

765 1212 897 1256 Serva
934 1213 1015 1256 Dei
1047 1229 1161 1272 quac
1194 1215 1330 1258 multo
1363 1215 1498 1272 magis
1531 1213 1737 1271 praestitit
1772 1211 2032 1256 adducendo
2077 1210 2115 1253 in
2165 1210 2254 1255 dis-

765 1270 928 1316 crimen
963 1289 1090 1317 sunm
1125 1274 1288 1318 bonan·
1343 1289 1516 1325 nomen,
1554 1273 1804 1332 bonamque
1852 1272 2009 1316 lamam
2060 1270 2113 1314 ad
2163 1270 2261 1314 cxi-

768 1333 973 1377 mendum
1022 1342 1064 1377 et
1113 1334 1388 1381 liberandum
1421 1353 1447 1379 a
1478 1350 1651 1378 carcerc
1684 1335 1757 1393 qui
1793 1333 1854 1377 ibi
1890 1333 2044 1377 iniuste
2077 1330 2257 1375 detine-

766 1391 897 1437 batur
928 1393 948 1437 ἓ

639 1451 742 1495 135.
782 1452 833 1495 Ut
858 1455 1002 1513 paucis
1024 1455 1168 1515 itaque
1199 1457 1346 1503 omnia
1377 1467 1420 1502 et
1450 1456 1617 1515 singula
1640 1457 1902 1515 complectar
1933 1468 2048 1513 quae
2070 1452 2260 1511 singula-

762 1528 851 1556 rcm
885 1516 1144 1562 Cliaritatem
1178 1518 1338 1563 Sorvae
1373 1519 1450 1563 Dei
1485 1533 1585 1576 erga
1619 1519 1870 1561 Proximum
1894 1514 2124 1574 respiciunt
2150 1530 2260 1558 con-

759 1574 930 1620 cludam
967 1593 1064 1622 cuin
1118 1579 1263 1623 verbis
1312 1595 1420 1638 quae
1461 1578 1663 1637 leguntur
1706 1578 1746 1621 in
1796 1576 2074 1635 depositione
2122 1574 2260 1619 Testis

761 1636 900 1681 XXlll
935 1654 1048 1697 quac
1082 1638 1137 1682 ita
1172 1638 1360 1698 (Summ.
1389 1638 1497 1684 ibid.
1527 1655 1624 1698 pag.
1650 1640 1729 1699 98)
1763 1638 1951 1684 disserit.
1972 1657 1989 1675 ι
2014 1635 2153 1682 Credo
2176 1635 2254 1679 elic

778 1720 795 1738 ι
831 1698 885 1755 gli
921 1701 1085 1758 cscmpi
1119 1700 1233 1744 della
1249 1702 1381 1746 Serva
1404 1701 1448 1745 di
1472 1700 1555 1744 Dio
1577 1701 1699 1744 siano
1715 1713 1890 1759 sempre
1911 1698 2007 1742 stati
2032 1698 2080 1745 ,in
2103 1704 2256 1755 questa

773 1781 790 1799 ο
827 1759 931 1804 Casa
968 1776 1052 1804 uno
1085 1760 1155 1805 dei
1192 1761 1266 1819 piu
1300 1761 1464 1819 potenti
1499 1760 1660 1806 stimoli
1694 1761 1774 1806 alla
1808 1760 1972 1820 pratica
2009 1757 2123 1803 delle
2146 1756 2258 1801 virtu

766 1842 782 1859 ι
822 1821 1048 1880 Religiose‚
1074 1821 1126 1866 cd
1151 1822 1234 1867 alla
1258 1822 1518 1880 pei-lezione.
1546 1824 1742 1866 Durante
1775 1822 1802 1866 il
1839 1821 1926 1865 mio
1960 1818 2176 1863 '’ioviziato
2212 1817 2251 1861 la

822 1891 962 1927 nostra
996 1884 1178 1927 Maesti-a
1214 1884 1271 1927 mi
1305 1883 1415 1927 dava
1449 1899 1592 1942 spesso
1626 1900 1649 1927 a
1681 1897 1853 1928 ccrcare
1886 1882 1999 1926 nella
2025 1881 2111 1924 vita
2143 1878 2258 1922 della

822 1942 955 1986 Serva
991 1942 1035 1986 di
1073 1944 1155 1987 Dio
1190 1960 1272 1988 una
1317 1944 1444 1992 virtu,
1486 1960 1543 1989 un
1593 1944 1712 1995 fatto,
1764 1960 1851 1988 una
1894 1941 2095 1987 massima
2144 1939 2257 1983 nella

820 2003 951 2062 quale
985 2002 1092 2047 losse
1133 2012 1240 2048 stata
1290 2006 1528 2049 eminente.
1579 2005 1626 2050 Ci
1676 2004 1972 2048 al'l'aticavamo
2019 2019 2043 2046 a
2091 2014 2257 2044 cercare

820 2078 844 2106 c
875 2065 994 2123 dopo
1025 2081 1127 2109 aver
1161 2081 1252 2109 reso
1285 2075 1413 2110 conto
1445 2065 1560 2110 dcllc
1594 2074 1738 2109 nostre.
1771 2065 1976 2116 ricerche,
2027 2061 2256 2107 sembi-ava

821 2124 897 2169 elic
929 2140 1103 2183 ognuna
1139 2141 1285 2170 avesse
1318 2127 1510 2186 ragione.
1545 2128 1676 2171 Tutte
1710 2125 1749 2169 lc
1795 2126 1958 2185 parole,
2008 2140 2033 2168 e
2077 2122 2133 2181 gti
2178 2120 2255 2165 atti

822 2183 934 2230 della
967 2187 1100 2232 Serva
1133 2186 1179 2230 di
1214 2188 1297 2231 Dio
1330 2203 1462 2231 erano
1497 2186 1745 2246 improntati
1778 2187 1824 2231 di
1856 2186 1992 2231 carita
2025 2199 2152 2229 senza
2202 2183 2253 2227 li·

821 2246 930 2290 mltl.
976 2268 993 2286 ι

639 2307 744 2350 ¹236.
782 2307 901 2362 Quae
933 2323 1032 2351 cum
1069 2307 1122 2352 ita
1157 2308 1238 2352 sint
1273 2308 1378 2353 nibil
1413 2308 1532 2354 aliud
1576 2308 1766 2369 profecto
1813 2323 1922 2367 opus
1954 2315 2017 2351 est
2049 2304 2103 2350 ad
2136 2304 2256 2348 evin-

755 2367 935 2413 cendam
973 2369 1190 2413 heroicam
1214 2370 1374 2414 Servae
1398 2371 1495 2421 Dei,
1521 2379 1562 2414 et
1583 2370 1846 2428 singularem
1866 2369 2127 2413 Chat-itatem
2152 2382 2253 2424 erga

757 2429 1025 2479 Proximum,
1052 2446 1183 2491 quem
1218 2431 1536 2476 misericordiae
1568 2432 1772 2490 operibus
1804 2431 1896 2474 sive
1928 2426 2173 2488 spirituali-«3,
2200 2425 2255 2470 si-

760 2505 811 2533 ve
844 2490 1076 2550 corporalis
1110 2506 1424 2552 usquequaque
1456 2494 1681 2551 complexa
1704 2501 1784 2544 est,
1807 2490 1942 2536 ardua
1971 2490 2050 2534 bac
2072 2489 2126 2533 dc
2147 2503 2257 2531 cau·-

759 2566 803 2594 sa
837 2551 1094 2610 aggrediens
1116 2561 1384 2611 etsuperans
1427 2554 1666 2605 obstacula,
1717 2550 1988 2598 incommoda
2037 2549 2256 2610 perferens

758 2612 1026 2670 gravissima,
1063 2614 1246 2672 seipsam
1283 2630 1367 2658 non
1400 2615 1570 2658 excluso
1603 2615 1722 2659 bono
1754 2630 1830 2659 suo
1866 2612 2060 2664 nomine,
2097 2608 2255 2655 sacriti-

756 2689 856 2717 cans
889 2674 946 2717 ita
967 2682 1013 2718 ut
1035 2673 1090 2718 de
1115 2676 1172 2718 Ea
1197 2675 1289 2719 im<
1328 2676 1493 2735 optimo
1527 2674 1726 2720 allii-mari
1763 2675 1909 2734 possit,
1940 2673 2057 2733 quod
2091 2678 2254 2729 martyr

755 2733 974 2779 charitatis
1008 2736 1215 2780 extiterit.
1251 2736 1327 2782 sed
1362 2738 1446 2781 iam
1481 2737 1719 2796 agendum.
