2616 3584
557 256 619 301 86

554 328 845 379 Charitatem.
900 328 1139 377 lustitiam,
1176 335 1216 371 et
1270 326 1553 371 prudentiam
1606 325 1846 382 generatim
1896 326 2088 372 demon-

552 398 710 435 strant.
758 391 814 433 Ea
866 388 1024 433 idcirco
1077 395 1243 432 tantum
1294 387 1529 447 producam
1582 401 1693 445 quae
1742 385 1875 430 dictus
1923 389 2083 433 Scrvue

555 451 636 496 Dei
674 451 852 494 virtutes
886 449 926 493 iu
966 448 1157 493 subiecta
1196 448 1375 493 materia
1409 447 1645 496 declarant,
1683 454 1725 490 et
1774 446 1990 492 evincunt.
2030 450 2080 492 Et

551 528 598 557 re
633 527 732 555 sane
767 525 867 554 veru
903 525 1048 554 nonne
1082 509 1297 554 heroicam
1333 524 1435 568 erga
1467 507 1623 552 Filium
1642 507 1896 552 charitatem
1922 508 2078 553 invicte

550 573 821 617 demonstrat
855 570 971 629 quod
1010 570 1154 614 retulit
1191 570 1305 614 testis
1340 570 1414 613 Vll
1462 569 1674 613 disserens
1721 568 1776 612 de
1828 568 1949 613 obitu
1997 569 2075 614 viri

547 632 770 683 Eiusdem,
793 639 836 675 et
870 631 925 675 dc
957 630 1138 675 oonsilio
1172 631 1229 674 ub
1266 633 1320 675 Ea
1358 630 1463 674 inito
1500 637 1815 688 consequenter
1848 628 1902 673 ud
1939 630 2074 674 illum.

545 694 661 738 llaec
687 707 876 751 namquo
898 700 1046 750 aperte
1069 700 1211 736 narrat
1235 690 1352 750 quod
1375 693 1505 737 Serva
1544 690 1625 733 Dei
1659 705 1682 732 e
1708 689 1814 733 vivis
1837 691 1907 734 vix
1930 698 2079 750 erepto

547 754 643 797 viro
677 770 769 803 suo,
798 752 1026 798 consilium
1062 752 1154 796 iniit
1179 752 1391 811 Religiosa
1415 752 1594 796 claustra
1621 750 1894 808 ingrediendi
1931 752 2080 811 ibique

550 816 643 858 Deo
681 814 868 872 pri-lecte
902 822 1031 874 atque
1067 813 1218 857 intime
1253 813 1531 857 ineurviendi.
1560 815 1721 856 Verum
1748 813 1803 855 ab
1825 813 2079 856 executione

551 874 651 919 dicti
687 874 852 918 consilii
888 890 933 917 se
966 874 1172 918 abstinuit
1207 874 1345 918 donee
1380 873 1490 917 lilius
1524 872 1600 931 qui
1643 872 1779 916 inl'uns
1812 872 1951 917 udliuc
1989 881 2079 918 erat

552 951 636 979 non
673 934 818 979 luisset
850 934 1059 992 grandior
1100 933 1276 978 effeetus
1318 942 1360 977 ot
1414 942 1611 978 materna
1646 933 1833 992 amplius
1881 934 2082 978 sollicitu-

550 996 655 1040 dine
690 1011 795 1054 opus
833 1010 916 1038 non
952 994 1188 1039 habuisset.
1228 996 1286 1038 En
1321 995 1414 1039 eius
1467 995 1616 1039 verbu:
1659 1016 1673 1033 ι
1711 995 1767 1039 La
1808 994 1974 1052 perdita
2008 995 2077 1040 ‹lel

558 1078 571 1094 ι
602 1073 679 1099 suo
713 1064 910 1100 consorte
944 1056 982 1100 le
1018 1056 1141 1100 riusci
1175 1056 1518 1106 sensibilissiuiu,
1548 1055 1812 1099 nondimeno
1844 1056 2078 1101 vedendosi

559 1137 573 1155 ι
604 1118 846 1161 sbarazzuta
880 1116 948 1161 dei
984 1117 1079 1161 suoi
1102 1117 1220 1169 beni,
1242 1133 1265 1161 e
1289 1116 1546 1177 prendendo
1582 1117 1619 1161 la
1655 1116 1908 1160 risoluzione
1947 1117 1990 1161 di
2025 1117 2079 1160 ri-

558 1199 573 1216 ·
606 1178 741 1222 tii-arsi
775 1177 846 1222 dul
882 1177 1075 1228 mondo,
1113 1193 1208 1221 rese
1242 1179 1383 1235 gratie.
1418 1194 1440 1221 a
1479 1178 1588 1227 l)i0‚
1625 1193 1708 1221 non
1747 1177 1951 1221 dovendo
1987 1177 2077 1222 Ella

557 1258 573 1277 ι
601 1255 782 1297 pensare
817 1238 872 1282 ad
909 1239 1017 1283 altro
1050 1239 1128 1282 elie
1161 1254 1182 1281 a
1221 1239 1296 1282 Lui
1329 1254 1353 1282 e
1388 1237 1443 1282 ad
1478 1237 1663 1281 educare
1698 1237 1725 1281 il
1761 1254 1835 1282 suo
1863 1237 1977 1297 tigtio
2011 1238 2079 1297 pel

561 1320 574 1338 ι
606 1316 681 1343 suo
716 1299 918 1355 servigim
941 1299 1235 1357 aggiornando
1269 1317 1291 1343 a
1329 1300 1490 1343 motivo
1524 1299 1638 1343 delle
1671 1315 1772 1343 eure
1805 1299 1883 1344 che
1908 1300 1994 1343 Ella
2022 1299 2078 1358 gti

560 1381 576 1399 ι
605 1360 799 1409 (lovem,
845 1359 1172 1418 l'eseguimcnto
1205 1359 1276 1404 del
1311 1376 1388 1404 suo
1444 1368 1639 1419 progetto
1683 1361 1726 1404 di
1771 1360 1961 1404 rendersi
1993 1362 2085 1404 'Rc-

559 1443 572 1459 ·
603 1422 748 1481 ligi-isa
783 1420 867 1481 (1).
901 1442 917 1460 ι
956 1424 1052 1478 Qua
1086 1421 1265 1481 quidem
1299 1422 1341 1465 iu
1377 1437 1423 1466 re
1471 1430 1685 1480 quantum
1739 1422 1942 1466 meritum
1988 1423 2081 1480 lpsa

555 1483 637 1526 sibi
663 1483 1075 1541 compai·averit,vcl
1100 1499 1150 1526 ex
1174 1499 1226 1525 eo
1256 1490 1391 1540 potest
1422 1483 1543 1527 facile
1566 1482 1836 1541 deprehendi
1860 1482 1978 1541 quod
2007 1483 2083 1526 linc

552 1544 823 1602 potissimum
859 1543 915 1587 de
954 1560 1080 1589 causa
1125 1544 1275 1595 multa,
1315 1552 1357 1586 et
1394 1545 1540 1601 gravia
1581 1544 1741 1587 Eadem
1784 1545 1976 1602 perferre
2010 1543 2081 1587 de-

551 1605 701 1648 buerit
740 1604 1030 1649 incommoda.
1083 1606 1205 1661 Quae
1255 1604 1409 1664 agendi
1461 1604 1570 1648 ratio
1617 1606 1777 1649 Servuo
1824 1604 1901 1647 Dei
1952 1604 2082 1648 etiam

554 1665 751 1709 heroicae
787 1665 989 1710 Eiusdem
1028 1666 1236 1716 lustitiae,
1275 1682 1321 1710 ac
1356 1665 1617 1710 Prudentiae
1650 1683 1673 1709 a
1708 1665 1886 1708 testibus
1921 1665 2086 1709 adcen-

553 1735 687 1769 setur.
726 1726 832 1770 lline
883 1726 939 1769 nil
988 1727 1181 1777 mirum,
1219 1727 1337 1785 quod
1390 1727 1544 1770 merito
1588 1726 1697 1770 lianc
1732 1725 1807 1770 lilii
1848 1726 2085 1771 derelictio-

558 1801 657 1830 nem
694 1795 787 1844 post⁴
821 1802 945 1831 curas
989 1795 1031 1830 et
1076 1787 1378 1831 sollicitudinis
1415 1803 1513 1831 vere
1564 1796 1785 1831 maternas
1820 1787 1969 1831 Eidem
2005 1788 2083 1831 im·

558 1862 690 1906 pense
723 1846 940 1892 exhibitas
972 1847 1170 1892 heroicae
1209 1863 1395 1906 prorsuS,
1423 1864 1470 1892 ac
1503 1847 1709 1907 singulari
1747 1849 1893 1892 virtuti
1928 1847 2087 1892 adscri-

559 1909 692 1959 bitur,
711 1917 753 1952 et
787 1926 809 1952 a
846 1909 1021 1953 nemine
1042 1917 1345 1967 praeterquam
1378 1910 1437 1953 ab
1463 1909 1722 1953 Adversario
1746 1918 1891 1953 nostro
1913 1909 2080 1967 eulpae,

559 1985 606 2013 ac
639 1969 823 2014 delectui
859 1969 942 2029 Ipsi
977 1972 1137 2015 Sei-vae
1172 1971 1253 2014 Dei
1292 1970 1489 2014 vertitur.
1512 1971 1640 2027 Quod
1675 1979 1819 2014 autem
1853 1987 1875 2014 a
1912 1971 2086 2015 nemine

556 2030 742 2074 delectui
776 2032 935 2075 Sorvae
970 2031 1049 2075 Dei
1085 2031 1188 2075 liaec
1224 2031 1299 2075 lilii
1344 2030 1569 2075 derelictio
1604 2031 1885 2075 adcenseatur
1932 2032 1997 2075 vel
2033 2047 2085 2075 ex

553 2107 604 2136 eo
638 2091 907 2150 dignoscitur
940 2092 1057 2151 quod
1094 2109 1223 2136 nemo
1260 2108 1369 2136 unus
1405 2109 1457 2136 ex
1493 2093 1673 2136 testibus
1720 2093 1869 2136 existat
1920 2093 1993 2151 qui
2029 2092 2086 2137 ita

554 2152 715 2197 sentire
747 2152 963 2204 videatur,
1002 2161 1045 2197 et
1078 2153 1112 2197 si
1146 2155 1309 2198 Censor
1343 2163 1488 2197 noster
1520 2154 1576 2197 de
1611 2168 1737 2197 mane
1770 2154 1824 2198 ad
1860 2168 2085 2210 vesperam

553 2229 689 2274 mque
723 2214 950 2258 processus
983 2222 1026 2258 et
1060 2215 1357 2259 Summarium
1394 2215 1637 2273 pervolvat,
1677 2215 1780 2258 nihil
1816 2214 2003 2259 inveniet
2032 2214 2087 2259 de

554 2274 682 2319 simili
718 2290 741 2318 a
776 2274 958 2319 testibus
993 2275 1102 2320 laeta
1138 2276 1179 2319 in
1214 2276 1295 2319 Dei
1333 2276 1554 2320 Famulam
1608 2275 1969 2334 reprehensione,
2008 2275 2083 2320 sed

554 2351 578 2379 e
610 2343 760 2379 eontra
795 2336 1028 2395 perspiciet
1060 2337 1180 2396 quod
1218 2344 1344 2381 testes
1377 2338 1435 2380 ab
1471 2339 1523 2380 Ea
1558 2337 1804 2396 quemlibet
1854 2336 2087 2380 excludunt

555 2396 773 2441 delectum
809 2397 961 2442 saltem
995 2413 1092 2441 eum
1129 2397 1398 2442 adven-tentia
1433 2399 1729 2442 commissum.
1769 2399 1849 2440 Pro
1883 2398 2087 2441 omnibus

555 2458 608 2502 sit
640 2458 914 2503 doctissimus
952 2460 1128 2503 Bossuet
1161 2460 1234 2517 qui
1272 2459 1312 2502 in
1347 2460 1435 2503 suis
1460 2459 1610 2503 litteris
1634 2458 1824 2502 asceticis
1847 2459 1950 2502 liaeo
1974 2459 2085 2502 iuter

556 2518 639 2562 alia
674 2518 839 2563 scribit:
885 2541 899 2557 ιι
931 2521 993 2563 tto
1029 2519 1133 2564 letto
1169 2520 1206 2563 la
1245 2520 1330 2564 vita
1366 2521 1480 2564 della
1508 2519 1653 2563 llladre
1676 2519 2085 2564 dell’lnearnazione

561 2599 578 2620 ι
608 2596 685 2623 con
722 2580 761 2623 le
795 2580 1013 2625 addizioni
1046 2581 1190 2625 sci-itte
1222 2582 1292 2625 dal
1326 2597 1404 2625 suo
1442 2582 1703 2636 [iglimtutto
1739 2582 1778 2623 iu
1812 2583 1905 2624 tem-2·
1941 2581 1965 2623 ὲ
1998 2595 2089 2624 am-

559 2661 577 2679 »
612 2641 809 2685 mirabile
844 2642 928 2701 (2).
963 2663 978 2681 ι
1023 2643 1157 2686 Porro
1201 2643 1235 2686 si
1279 2643 1495 2702 quidquid
1543 2658 1596 2686 ex
1638 2643 1752 2687 dieto
1800 2642 2087 2686 erleberrimo

553 2702 785 2762 scriptore,
826 2704 867 2746 in
904 2703 991 2748 vita
1025 2704 1275 2749 continetur
1307 2704 1476 2749 Son-oris
1509 2705 1666 2748 Mariae
1690 2705 1745 2747 ab
1770 2702 2082 2754 lucarnatione,

682 2823 748 2882 (1)
783 2823 937 2867 Summ.
972 2839 1075 2881 pay.
1117 2824 1173 2866 10
1205 2824 1234 2885 S
1270 2825 1344 2867 35.

681 2884 748 2943 (2)
781 2884 937 2929 Summ.
970 2900 1073 2943 paq.
1114 2884 1203 2928 458
1236 2884 1265 2945 S
1300 2885 1373 2929 39.
