<?xml version="1.0" encoding="UTF-8"?>
<!DOCTYPE html PUBLIC "-//W3C//DTD XHTML 1.0 Transitional//EN"
    "http://www.w3.org/TR/xhtml1/DTD/xhtml1-transitional.dtd">
<html xmlns="http://www.w3.org/1999/xhtml" xml:lang="en" lang="en">
 <head>
  <title>
</title>
<meta http-equiv="Content-Type" content="text/html;charset=utf-8" />
  <meta name='ocr-system' content='tesseract 3.04.00' />
  <meta name='ocr-capabilities' content='ocr_page ocr_carea ocr_par ocr_line ocrx_word'/>
</head>
<body>
  <div class='ocr_page' id='page_1' title='image "./cihm_27111_0580.png"; bbox 0 0 2608 3552; ppageno 0'>
   <div class='ocr_carea' id='block_1_1' title="bbox 0 1229 6 1754">
    <p class='ocr_par' dir='ltr' id='par_1_1' title="bbox 0 1229 6 1754">
     <span class='ocr_line' id='line_1_1' title="bbox 0 1229 6 1754; baseline 0 0"><span class='ocrx_word' id='word_1_1' title='bbox 0 1229 6 1754; x_wconf 95' lang='lat' dir='ltr'> </span> 
     </span>
    </p>
   </div>
   <div class='ocr_carea' id='block_1_2' title="bbox 1953 254 2015 297">
    <p class='ocr_par' dir='ltr' id='par_1_2' title="bbox 1953 254 2015 297">
     <span class='ocr_line' id='line_1_2' title="bbox 1953 254 2015 297; baseline 0.016 -1"><span class='ocrx_word' id='word_1_2' title='bbox 1953 254 2015 297; x_wconf 83' lang='lat'>99</span> 
     </span>
    </p>
   </div>
   <div class='ocr_carea' id='block_1_3' title="bbox 487 329 2013 392">
    <p class='ocr_par' dir='ltr' id='par_1_3' title="bbox 487 329 2013 392">
     <span class='ocr_line' id='line_1_3' title="bbox 487 329 2013 392; baseline -0.003 -15"><span class='ocrx_word' id='word_1_3' title='bbox 487 331 751 378; x_wconf 79' lang='lat' dir='ltr'>Adversariu</span> <span class='ocrx_word' id='word_1_4' title='bbox 785 333 952 392; x_wconf 87' lang='lat' dir='ltr'>nostro)</span> <span class='ocrx_word' id='word_1_5' title='bbox 987 331 1144 375; x_wconf 80' lang='lat' dir='ltr'>timens</span> <span class='ocrx_word' id='word_1_6' title='bbox 1188 330 1547 376; x_wconf 72' lang='lat' dir='ltr'>hallucinationes</span> <span class='ocrx_word' id='word_1_7' title='bbox 1587 329 1800 390; x_wconf 73' lang='lat' dir='ltr'>quasdam</span> <span class='ocrx_word' id='word_1_8' title='bbox 1840 329 2013 373; x_wconf 72' lang='lat' dir='ltr'>anxiam</span> 
     </span>
    </p>
   </div>
   <div class='ocr_carea' id='block_1_4' title="bbox 489 388 2010 513">
    <p class='ocr_par' dir='ltr' id='par_1_4' title="bbox 489 388 2010 513">
     <span class='ocr_line' id='line_1_4' title="bbox 491 388 2010 450; baseline -0.004 -12"><span class='ocrx_word' id='word_1_9' title='bbox 491 395 569 438; x_wconf 82' lang='lat' dir='ltr'>bac</span> <span class='ocrx_word' id='word_1_10' title='bbox 602 393 657 437; x_wconf 82' lang='lat' dir='ltr'>de</span> <span class='ocrx_word' id='word_1_11' title='bbox 690 408 816 436; x_wconf 60' lang='lat' dir='ltr'>canusa</span> <span class='ocrx_word' id='word_1_12' title='bbox 850 407 940 437; x_wconf 81' lang='lat' dir='ltr'>sose</span> <span class='ocrx_word' id='word_1_13' title='bbox 963 390 1078 437; x_wconf 91' lang='lat' dir='ltr'>baud</span> <span class='ocrx_word' id='word_1_14' title='bbox 1102 390 1396 450; x_wconf 81' lang='lat' dir='ltr'>infrequenter</span> <span class='ocrx_word' id='word_1_15' title='bbox 1418 391 1660 436; x_wconf 70' lang='lat' dir='ltr'>exhibuerit</span> <span class='ocrx_word' id='word_1_16' title='bbox 1688 388 1945 450; x_wconf 71' lang='lat' dir='ltr'>(Animadv.</span> <span class='ocrx_word' id='word_1_17' title='bbox 1966 390 2010 433; x_wconf 89' lang='grc'>7.</span> 
     </span>
     <span class='ocr_line' id='line_1_5' title="bbox 489 451 1568 513; baseline -0.003 -14"><span class='ocrx_word' id='word_1_18' title='bbox 489 470 542 499; x_wconf 85' lang='lat' dir='ltr'>ex</span> <span class='ocrx_word' id='word_1_19' title='bbox 583 453 667 498; x_wconf 88' lang='lat' dir='ltr'>vitu</span> <span class='ocrx_word' id='word_1_20' title='bbox 699 453 745 498; x_wconf 89' lang='lat' dir='ltr'>S.</span> <span class='ocrx_word' id='word_1_21' title='bbox 780 455 834 497; x_wconf 93' lang='grc'>1).</span> <span class='ocrx_word' id='word_1_22' title='bbox 876 468 973 513; x_wconf 77' lang='lat' dir='ltr'>pag.</span> <span class='ocrx_word' id='word_1_23' title='bbox 1013 453 1117 502; x_wconf 72' lang='lat'>452,</span> <span class='ocrx_word' id='word_1_24' title='bbox 1156 452 1261 504; x_wconf 84' lang='grc'>157.</span> <span class='ocrx_word' id='word_1_25' title='bbox 1300 451 1403 502; x_wconf 82' lang='grc'>188,</span> <span class='ocrx_word' id='word_1_26' title='bbox 1441 453 1568 512; x_wconf 70' lang='grc'>201).</span> 
     </span>
    </p>
   </div>
   <div class='ocr_carea' id='block_1_5' title="bbox 614 510 2066 573">
    <p class='ocr_par' dir='ltr' id='par_1_5' title="bbox 614 510 2066 573">
     <span class='ocr_line' id='line_1_6' title="bbox 614 510 2066 573; baseline -0.003 -15"><span class='ocrx_word' id='word_1_27' title='bbox 614 513 718 558; x_wconf 74' lang='grc'>121.</span> <span class='ocrx_word' id='word_1_28' title='bbox 755 514 839 559; x_wconf 90' lang='lat' dir='ltr'>Sed</span> <span class='ocrx_word' id='word_1_29' title='bbox 874 513 978 573; x_wconf 83' lang='lat' dir='ltr'>quid</span> <span class='ocrx_word' id='word_1_30' title='bbox 1012 529 1121 572; x_wconf 77' lang='lat' dir='ltr'>opus</span> <span class='ocrx_word' id='word_1_31' title='bbox 1153 520 1216 558; x_wconf 83' lang='lat' dir='ltr'>est</span> <span class='ocrx_word' id='word_1_32' title='bbox 1252 512 1577 557; x_wconf 72' lang='lat' dir='ltr'>inductionibus</span> <span class='ocrx_word' id='word_1_33' title='bbox 1610 520 1650 556; x_wconf 81' lang='lat' dir='ltr'>ct</span> <span class='ocrx_word' id='word_1_34' title='bbox 1676 513 1932 556; x_wconf 74' lang='lat' dir='ltr'>coniecturis</span> <span class='ocrx_word' id='word_1_35' title='bbox 1956 510 2009 555; x_wconf 83' lang='lat' dir='ltr'>ad</span> <span class='ocrx_word' id='word_1_36' title='bbox 2059 523 2066 533; x_wconf 77' lang='lat'><strong><em>⁴</em></strong></span> 
     </span>
    </p>
   </div>
   <div class='ocr_carea' id='block_1_6' title="bbox 487 572 2031 2819">
    <p class='ocr_par' dir='ltr' id='par_1_6' title="bbox 487 572 2028 2451">
     <span class='ocr_line' id='line_1_7' title="bbox 490 572 2015 633; baseline -0.004 -13"><span class='ocrx_word' id='word_1_37' title='bbox 490 574 819 626; x_wconf 84' lang='lat' dir='ltr'>adstruendum,</span> <span class='ocrx_word' id='word_1_38' title='bbox 840 583 883 618; x_wconf 89' lang='lat' dir='ltr'>et</span> <span class='ocrx_word' id='word_1_39' title='bbox 904 573 1293 619; x_wconf 78' lang='lat' dir='ltr'>demonstrandum</span> <span class='ocrx_word' id='word_1_40' title='bbox 1311 572 1429 633; x_wconf 86' lang='lat' dir='ltr'>quod</span> <span class='ocrx_word' id='word_1_41' title='bbox 1453 574 1584 619; x_wconf 81' lang='lat' dir='ltr'>Serva</span> <span class='ocrx_word' id='word_1_42' title='bbox 1612 573 1690 617; x_wconf 89' lang='lat' dir='ltr'>Dei</span> <span class='ocrx_word' id='word_1_43' title='bbox 1715 589 1799 617; x_wconf 90' lang='lat' dir='ltr'>non</span> <span class='ocrx_word' id='word_1_44' title='bbox 1824 588 1943 617; x_wconf 83' lang='lat' dir='ltr'>secus</span> <span class='ocrx_word' id='word_1_45' title='bbox 1966 588 2015 615; x_wconf 86' lang='lat' dir='ltr'>ue</span> 
     </span>
     <span class='ocr_line' id='line_1_8' title="bbox 487 633 2017 691; baseline -0.003 -11"><span class='ocrx_word' id='word_1_46' title='bbox 487 635 560 681; x_wconf 77' lang='lat' dir='ltr'>atii</span> <span class='ocrx_word' id='word_1_47' title='bbox 595 653 618 680; x_wconf 87' lang='lat' dir='ltr'>a</span> <span class='ocrx_word' id='word_1_48' title='bbox 651 636 839 680; x_wconf 74' lang='lat' dir='ltr'>Censor-e</span> <span class='ocrx_word' id='word_1_49' title='bbox 873 644 1014 679; x_wconf 89' lang='lat' dir='ltr'>nostro</span> <span class='ocrx_word' id='word_1_50' title='bbox 1049 634 1278 680; x_wconf 87' lang='lat' dir='ltr'>memorati</span> <span class='ocrx_word' id='word_1_51' title='bbox 1313 634 1500 691; x_wconf 78' lang='lat' dir='ltr'>insignes</span> <span class='ocrx_word' id='word_1_52' title='bbox 1533 634 1764 679; x_wconf 84' lang='lat' dir='ltr'>Sanctitate</span> <span class='ocrx_word' id='word_1_53' title='bbox 1790 633 1867 677; x_wconf 87' lang='lat' dir='ltr'>viri</span> <span class='ocrx_word' id='word_1_54' title='bbox 1902 633 2017 676; x_wconf 90' lang='lat' dir='ltr'>Con·</span> 
     </span>
     <span class='ocr_line' id='line_1_9' title="bbox 493 693 2012 753; baseline -0.003 -12"><span class='ocrx_word' id='word_1_55' title='bbox 493 696 653 741; x_wconf 69' lang='lat' dir='ltr'>tessun-ii</span> <span class='ocrx_word' id='word_1_56' title='bbox 687 696 751 741; x_wconf 84' lang='lat' dir='ltr'>sui</span> <span class='ocrx_word' id='word_1_57' title='bbox 788 696 902 740; x_wconf 78' lang='lat' dir='ltr'>iussu</span> <span class='ocrx_word' id='word_1_58' title='bbox 949 695 1081 742; x_wconf 83' lang='lat' dir='ltr'>vitam</span> <span class='ocrx_word' id='word_1_59' title='bbox 1127 711 1248 740; x_wconf 61' lang='lat' dir='ltr'>¹«tuum</span> <span class='ocrx_word' id='word_1_60' title='bbox 1294 694 1463 753; x_wconf 77' lang='lat' dir='ltr'>scriptis</span> <span class='ocrx_word' id='word_1_61' title='bbox 1507 694 1851 752; x_wconf 60' lang='lat' dir='ltr'>consignaverit?</span> <span class='ocrx_word' id='word_1_62' title='bbox 1885 693 2012 737; x_wconf 76' lang='lat' dir='ltr'>t‘tum</span> 
     </span>
     <span class='ocr_line' id='line_1_10' title="bbox 523 753 2011 815; baseline -0.002 -15"><span class='ocrx_word' id='word_1_63' title='bbox 523 771 660 801; x_wconf 81' lang='lat' dir='ltr'>ossem</span> <span class='ocrx_word' id='word_1_64' title='bbox 697 756 937 801; x_wconf 87' lang='lat' dir='ltr'>testimonia</span> <span class='ocrx_word' id='word_1_65' title='bbox 970 757 1024 801; x_wconf 86' lang='lat' dir='ltr'>ad</span> <span class='ocrx_word' id='word_1_66' title='bbox 1061 772 1152 800; x_wconf 80' lang='lat' dir='ltr'>rem</span> <span class='ocrx_word' id='word_1_67' title='bbox 1185 765 1430 815; x_wconf 85' lang='lat' dir='ltr'>opportuna</span> <span class='ocrx_word' id='word_1_68' title='bbox 1468 755 1506 798; x_wconf 90' lang='lat' dir='ltr'>in</span> <span class='ocrx_word' id='word_1_69' title='bbox 1553 755 1744 800; x_wconf 87' lang='lat' dir='ltr'>medium</span> <span class='ocrx_word' id='word_1_70' title='bbox 1796 753 2011 813; x_wconf 72' lang='lat' dir='ltr'>proferre,</span> 
     </span>
     <span class='ocr_line' id='line_1_11' title="bbox 493 773 2016 875; baseline -0.003 -14"><span class='ocrx_word' id='word_1_71' title='bbox 493 773 721 861; x_wconf 63' lang='lat' dir='ltr'>brevitatis</span> <span class='ocrx_word' id='word_1_72' title='bbox 757 825 900 861; x_wconf 81' lang='lat' dir='ltr'>tamen</span> <span class='ocrx_word' id='word_1_73' title='bbox 934 833 1079 862; x_wconf 72' lang='lat' dir='ltr'>artiore</span> <span class='ocrx_word' id='word_1_74' title='bbox 1112 833 1249 861; x_wconf 90' lang='lat' dir='ltr'>unum</span> <span class='ocrx_word' id='word_1_75' title='bbox 1294 817 1516 861; x_wconf 84' lang='lat' dir='ltr'>dumtaxat</span> <span class='ocrx_word' id='word_1_76' title='bbox 1566 816 1801 875; x_wconf 81' lang='lat' dir='ltr'>producam</span> <span class='ocrx_word' id='word_1_77' title='bbox 1856 814 2016 858; x_wconf 73' lang='lat' dir='ltr'>scilicet</span> 
     </span>
     <span class='ocr_line' id='line_1_12' title="bbox 497 875 2013 936; baseline -0.004 -14"><span class='ocrx_word' id='word_1_78' title='bbox 497 878 603 923; x_wconf 80' lang='lat' dir='ltr'>iliud</span> <span class='ocrx_word' id='word_1_79' title='bbox 638 878 755 922; x_wconf 84' lang='lat' dir='ltr'>testis</span> <span class='ocrx_word' id='word_1_80' title='bbox 790 880 828 921; x_wconf 71' lang='lat' dir='ltr'>X</span> <span class='ocrx_word' id='word_1_81' title='bbox 860 893 972 936; x_wconf 82' lang='lat' dir='ltr'>quae</span> <span class='ocrx_word' id='word_1_82' title='bbox 1006 878 1267 936; x_wconf 73' lang='lat' dir='ltr'>interrogata</span> <span class='ocrx_word' id='word_1_83' title='bbox 1311 894 1365 922; x_wconf 80' lang='lat' dir='ltr'>un</span> <span class='ocrx_word' id='word_1_84' title='bbox 1403 880 1533 923; x_wconf 80' lang='lat' dir='ltr'>Serva</span> <span class='ocrx_word' id='word_1_85' title='bbox 1582 878 1660 921; x_wconf 88' lang='lat' dir='ltr'>Dei</span> <span class='ocrx_word' id='word_1_86' title='bbox 1704 891 1803 921; x_wconf 83' lang='lat' dir='ltr'>cum</span> <span class='ocrx_word' id='word_1_87' title='bbox 1843 875 2013 918; x_wconf 90' lang='lat' dir='ltr'>beroico</span> 
     </span>
     <span class='ocr_line' id='line_1_13' title="bbox 494 934 2014 997; baseline -0.003 -16"><span class='ocrx_word' id='word_1_88' title='bbox 494 939 703 983; x_wconf 85' lang='lat' dir='ltr'>virtutum</span> <span class='ocrx_word' id='word_1_89' title='bbox 738 938 942 982; x_wconf 87' lang='lat' dir='ltr'>exercitio</span> <span class='ocrx_word' id='word_1_90' title='bbox 976 938 1242 992; x_wconf 75' lang='lat' dir='ltr'>coniunxerit</span> <span class='ocrx_word' id='word_1_91' title='bbox 1282 938 1514 997; x_wconf 78' lang='lat' dir='ltr'>perfectum</span> <span class='ocrx_word' id='word_1_92' title='bbox 1552 937 1820 982; x_wconf 78' lang='lat' dir='ltr'>innocentiae</span> <span class='ocrx_word' id='word_1_93' title='bbox 1854 934 2014 994; x_wconf 79' lang='lat' dir='ltr'>baptis-</span> 
     </span>
     <span class='ocr_line' id='line_1_14' title="bbox 495 995 2017 1057; baseline -0.004 -13"><span class='ocrx_word' id='word_1_94' title='bbox 495 999 617 1044; x_wconf 78' lang='lat' dir='ltr'>malis</span> <span class='ocrx_word' id='word_1_95' title='bbox 650 998 888 1042; x_wconf 86' lang='lat' dir='ltr'>custodiam</span> <span class='ocrx_word' id='word_1_96' title='bbox 925 1000 980 1042; x_wconf 86' lang='lat' dir='ltr'>itu</span> <span class='ocrx_word' id='word_1_97' title='bbox 1017 999 1270 1057; x_wconf 80' lang='lat' dir='ltr'>respoudit:</span> <span class='ocrx_word' id='word_1_98' title='bbox 1312 1019 1327 1038; x_wconf 74' lang='grc' dir='ltr'>ι</span> <span class='ocrx_word' id='word_1_99' title='bbox 1360 998 1466 1043; x_wconf 68' lang='lat' dir='ltr'>Diri)</span> <span class='ocrx_word' id='word_1_100' title='bbox 1498 999 1576 1043; x_wconf 82' lang='lat' dir='ltr'>cbe</span> <span class='ocrx_word' id='word_1_101' title='bbox 1612 999 1650 1042; x_wconf 87' lang='lat' dir='ltr'>io</span> <span class='ocrx_word' id='word_1_102' title='bbox 1686 997 1815 1042; x_wconf 79' lang='lat' dir='ltr'>fondo</span> <span class='ocrx_word' id='word_1_103' title='bbox 1851 997 1887 1039; x_wconf 82' lang='lat' dir='ltr'>iu</span> <span class='ocrx_word' id='word_1_104' title='bbox 1929 995 2017 1039; x_wconf 83' lang='lat' dir='ltr'>mia</span> 
     </span>
     <span class='ocr_line' id='line_1_15' title="bbox 502 1057 2016 1119; baseline -0.003 -16"><span class='ocrx_word' id='word_1_105' title='bbox 502 1081 517 1098; x_wconf 80' lang='lat' dir='ltr'><em>n</em></span> <span class='ocrx_word' id='word_1_106' title='bbox 547 1059 753 1119; x_wconf 80' lang='lat' dir='ltr'>opinione</span> <span class='ocrx_word' id='word_1_107' title='bbox 785 1059 863 1103; x_wconf 86' lang='lat' dir='ltr'>cbe</span> <span class='ocrx_word' id='word_1_108' title='bbox 897 1058 1026 1102; x_wconf 77' lang='lat' dir='ltr'>abbia</span> <span class='ocrx_word' id='word_1_109' title='bbox 1064 1060 1149 1102; x_wconf 64' lang='lat' dir='ltr'>tina</span> <span class='ocrx_word' id='word_1_110' title='bbox 1184 1068 1437 1103; x_wconf 73' lang='lat' dir='ltr'>conservata</span> <span class='ocrx_word' id='word_1_111' title='bbox 1470 1059 1507 1102; x_wconf 81' lang='lat' dir='ltr'>ln</span> <span class='ocrx_word' id='word_1_112' title='bbox 1540 1075 1615 1103; x_wconf 83' lang='lat' dir='ltr'>sua</span> <span class='ocrx_word' id='word_1_113' title='bbox 1652 1059 1882 1102; x_wconf 81' lang='lat' dir='ltr'>innocenza</span> <span class='ocrx_word' id='word_1_114' title='bbox 1920 1057 2016 1100; x_wconf 86' lang='lat' dir='ltr'>bat-</span> 
     </span>
     <span class='ocr_line' id='line_1_16' title="bbox 505 1118 2018 1170; baseline -0.004 -6"><span class='ocrx_word' id='word_1_115' title='bbox 505 1141 519 1159; x_wconf 80' lang='lat'><strong>·</strong></span> <span class='ocrx_word' id='word_1_116' title='bbox 551 1121 761 1170; x_wconf 75' lang='lat' dir='ltr'>tesimule,</span> <span class='ocrx_word' id='word_1_117' title='bbox 798 1119 904 1164; x_wconf 81' lang='lat' dir='ltr'>sutte</span> <span class='ocrx_word' id='word_1_118' title='bbox 928 1119 1135 1163; x_wconf 87' lang='lat' dir='ltr'>memorie</span> <span class='ocrx_word' id='word_1_119' title='bbox 1158 1120 1301 1163; x_wconf 84' lang='lat' dir='ltr'>scrittc</span> <span class='ocrx_word' id='word_1_120' title='bbox 1324 1120 1437 1164; x_wconf 78' lang='lat' dir='ltr'>daila</span> <span class='ocrx_word' id='word_1_121' title='bbox 1461 1121 1593 1164; x_wconf 81' lang='lat' dir='ltr'>Serva</span> <span class='ocrx_word' id='word_1_122' title='bbox 1617 1119 1661 1163; x_wconf 88' lang='lat' dir='ltr'>di</span> <span class='ocrx_word' id='word_1_123' title='bbox 1687 1119 1767 1162; x_wconf 82' lang='lat' dir='ltr'>Dio</span> <span class='ocrx_word' id='word_1_124' title='bbox 1794 1118 1889 1161; x_wconf 81' lang='lat' dir='ltr'>neli&#39;</span> <span class='ocrx_word' id='word_1_125' title='bbox 1905 1131 2018 1162; x_wconf 87' lang='lat' dir='ltr'>anno</span> 
     </span>
     <span class='ocr_line' id='line_1_17' title="bbox 503 1178 2019 1239; baseline -0.003 -15"><span class='ocrx_word' id='word_1_126' title='bbox 503 1202 518 1218; x_wconf 71' lang='grc' dir='ltr'><strong><em>ι</em></strong></span> <span class='ocrx_word' id='word_1_127' title='bbox 552 1181 859 1224; x_wconf 60' lang='lat' dir='ltr'>mittem-iconio</span> <span class='ocrx_word' id='word_1_128' title='bbox 892 1180 1222 1239; x_wconf 86' lang='lat' dir='ltr'>cinquantatre,</span> <span class='ocrx_word' id='word_1_129' title='bbox 1259 1196 1283 1224; x_wconf 86' lang='lat' dir='ltr'>e</span> <span class='ocrx_word' id='word_1_130' title='bbox 1318 1180 1534 1224; x_wconf 82' lang='lat' dir='ltr'>neil&#39;unno</span> <span class='ocrx_word' id='word_1_131' title='bbox 1570 1179 1877 1224; x_wconf 68' lang='lat' dir='ltr'>mittes-ciconio</span> <span class='ocrx_word' id='word_1_132' title='bbox 1920 1178 2019 1221; x_wconf 90' lang='lat' dir='ltr'>cin-</span> 
     </span>
     <span class='ocr_line' id='line_1_18' title="bbox 504 1238 2017 1302; baseline -0.004 -16"><span class='ocrx_word' id='word_1_133' title='bbox 504 1262 519 1279; x_wconf 80' lang='lat'>·</span> <span class='ocrx_word' id='word_1_134' title='bbox 550 1249 885 1302; x_wconf 81' lang='lat' dir='ltr'>quantuqunttro</span> <span class='ocrx_word' id='word_1_135' title='bbox 915 1257 991 1298; x_wconf 79' lang='lat' dir='ltr'>per</span> <span class='ocrx_word' id='word_1_136' title='bbox 1023 1240 1172 1284; x_wconf 76' lang='lat' dir='ltr'>ordine</span> <span class='ocrx_word' id='word_1_137' title='bbox 1205 1240 1251 1284; x_wconf 76' lang='lat' dir='ltr'>di</span> <span class='ocrx_word' id='word_1_138' title='bbox 1285 1240 1362 1284; x_wconf 75' lang='lat' dir='ltr'>due</span> <span class='ocrx_word' id='word_1_139' title='bbox 1395 1242 1485 1284; x_wconf 80' lang='lat' dir='ltr'>suoi</span> <span class='ocrx_word' id='word_1_140' title='bbox 1517 1241 1771 1301; x_wconf 76' lang='lat' dir='ltr'>Consessori.</span> <span class='ocrx_word' id='word_1_141' title='bbox 1810 1258 1832 1282; x_wconf 84' lang='lat' dir='ltr'>c</span> <span class='ocrx_word' id='word_1_142' title='bbox 1872 1238 1915 1282; x_wconf 88' lang='lat' dir='ltr'>di</span> <span class='ocrx_word' id='word_1_143' title='bbox 1950 1238 2017 1281; x_wconf 89' lang='lat' dir='ltr'>cui</span> 
     </span>
     <span class='ocr_line' id='line_1_19' title="bbox 507 1300 2013 1361; baseline -0.003 -16"><span class='ocrx_word' id='word_1_144' title='bbox 507 1323 522 1340; x_wconf 75' lang='lat' dir='ltr'>n</span> <span class='ocrx_word' id='word_1_145' title='bbox 551 1303 583 1345; x_wconf 86' lang='lat' dir='ltr'>si</span> <span class='ocrx_word' id='word_1_146' title='bbox 618 1302 642 1345; x_wconf 76' lang='lat' dir='ltr'>e</span> <span class='ocrx_word' id='word_1_147' title='bbox 676 1301 832 1344; x_wconf 83' lang='lat' dir='ltr'>servito</span> <span class='ocrx_word' id='word_1_148' title='bbox 867 1301 894 1344; x_wconf 85' lang='lat' dir='ltr'>i!</span> <span class='ocrx_word' id='word_1_149' title='bbox 929 1317 1004 1344; x_wconf 76' lang='lat' dir='ltr'>suo</span> <span class='ocrx_word' id='word_1_150' title='bbox 1041 1301 1156 1359; x_wconf 73' lang='lat' dir='ltr'>tigno</span> <span class='ocrx_word' id='word_1_151' title='bbox 1192 1317 1270 1361; x_wconf 81' lang='lat' dir='ltr'>per</span> <span class='ocrx_word' id='word_1_152' title='bbox 1302 1318 1529 1361; x_wconf 83' lang='lat' dir='ltr'>comporre</span> <span class='ocrx_word' id='word_1_153' title='bbox 1564 1302 1602 1345; x_wconf 82' lang='lat' dir='ltr'>ia</span> <span class='ocrx_word' id='word_1_154' title='bbox 1638 1318 1711 1344; x_wconf 77' lang='lat' dir='ltr'>sua</span> <span class='ocrx_word' id='word_1_155' title='bbox 1748 1300 1832 1344; x_wconf 88' lang='lat' dir='ltr'>vita</span> <span class='ocrx_word' id='word_1_156' title='bbox 1868 1300 1951 1358; x_wconf 77' lang='grc'>(1).</span> <span class='ocrx_word' id='word_1_157' title='bbox 1998 1319 2013 1336; x_wconf 76' lang='grc' dir='ltr'>ι</span> 
     </span>
     <span class='ocr_line' id='line_1_20' title="bbox 501 1359 2021 1422; baseline -0.003 -16"><span class='ocrx_word' id='word_1_158' title='bbox 501 1364 612 1421; x_wconf 76' lang='lat' dir='ltr'>Ergo</span> <span class='ocrx_word' id='word_1_159' title='bbox 645 1362 825 1406; x_wconf 81' lang='lat' dir='ltr'>evidens</span> <span class='ocrx_word' id='word_1_160' title='bbox 858 1370 920 1405; x_wconf 83' lang='lat' dir='ltr'>est</span> <span class='ocrx_word' id='word_1_161' title='bbox 953 1362 1069 1421; x_wconf 88' lang='lat' dir='ltr'>quod</span> <span class='ocrx_word' id='word_1_162' title='bbox 1114 1378 1198 1406; x_wconf 88' lang='lat' dir='ltr'>nen</span> <span class='ocrx_word' id='word_1_163' title='bbox 1234 1379 1285 1406; x_wconf 79' lang='lat' dir='ltr'>cx</span> <span class='ocrx_word' id='word_1_164' title='bbox 1324 1364 1500 1422; x_wconf 85' lang='lat' dir='ltr'>proprio</span> <span class='ocrx_word' id='word_1_165' title='bbox 1547 1373 1684 1407; x_wconf 50' lang='lat' dir='ltr'>marte</span> <span class='ocrx_word' id='word_1_166' title='bbox 1706 1396 1715 1413; x_wconf 88' lang='lat'>,</span> <span class='ocrx_word' id='word_1_167' title='bbox 1763 1362 1898 1408; x_wconf 88' lang='lat' dir='ltr'>Serva</span> <span class='ocrx_word' id='word_1_168' title='bbox 1940 1359 2021 1402; x_wconf 90' lang='lat' dir='ltr'>Dei</span> 
     </span>
     <span class='ocr_line' id='line_1_21' title="bbox 500 1419 2021 1484; baseline -0.003 -17"><span class='ocrx_word' id='word_1_169' title='bbox 500 1423 734 1467; x_wconf 78' lang='lat' dir='ltr'>memorias</span> <span class='ocrx_word' id='word_1_170' title='bbox 782 1422 946 1481; x_wconf 77' lang='lat' dir='ltr'>aliquas</span> <span class='ocrx_word' id='word_1_171' title='bbox 990 1422 1045 1466; x_wconf 89' lang='lat' dir='ltr'>de</span> <span class='ocrx_word' id='word_1_172' title='bbox 1093 1438 1167 1467; x_wconf 88' lang='lat' dir='ltr'>sua</span> <span class='ocrx_word' id='word_1_173' title='bbox 1219 1423 1302 1467; x_wconf 86' lang='lat' dir='ltr'>vita</span> <span class='ocrx_word' id='word_1_174' title='bbox 1343 1424 1508 1484; x_wconf 67' lang='lat' dir='ltr'>seriptis</span> <span class='ocrx_word' id='word_1_175' title='bbox 1551 1423 1861 1480; x_wconf 80' lang='lat' dir='ltr'>consignaverit</span> <span class='ocrx_word' id='word_1_176' title='bbox 1888 1456 1897 1473; x_wconf 91' lang='lat'><strong>‚</strong></span> <span class='ocrx_word' id='word_1_177' title='bbox 1944 1419 2021 1464; x_wconf 87' lang='lat' dir='ltr'>sed</span> 
     </span>
     <span class='ocr_line' id='line_1_22' title="bbox 499 1482 2019 1544; baseline -0.001 -17"><span class='ocrx_word' id='word_1_178' title='bbox 499 1484 613 1527; x_wconf 78' lang='lat' dir='ltr'>iussu</span> <span class='ocrx_word' id='word_1_179' title='bbox 647 1483 901 1527; x_wconf 65' lang='lat' dir='ltr'>confessarii</span> <span class='ocrx_word' id='word_1_180' title='bbox 937 1492 975 1526; x_wconf 89' lang='lat' dir='ltr'>et</span> <span class='ocrx_word' id='word_1_181' title='bbox 1012 1483 1190 1543; x_wconf 76' lang='lat' dir='ltr'>quidem</span> <span class='ocrx_word' id='word_1_182' title='bbox 1227 1484 1428 1542; x_wconf 78' lang='lat' dir='ltr'>duplicis.</span> <span class='ocrx_word' id='word_1_183' title='bbox 1466 1487 1587 1542; x_wconf 81' lang='lat' dir='ltr'>Quae</span> <span class='ocrx_word' id='word_1_184' title='bbox 1623 1500 1749 1544; x_wconf 82' lang='lat' dir='ltr'>porro</span> <span class='ocrx_word' id='word_1_185' title='bbox 1782 1482 2019 1526; x_wconf 79' lang='lat' dir='ltr'>memoriae</span> 
     </span>
     <span class='ocr_line' id='line_1_23' title="bbox 497 1541 2022 1603; baseline -0.002 -16"><span class='ocrx_word' id='word_1_186' title='bbox 497 1545 611 1589; x_wconf 81' lang='lat' dir='ltr'>vitae</span> <span class='ocrx_word' id='word_1_187' title='bbox 644 1544 802 1587; x_wconf 80' lang='lat' dir='ltr'>Sci-vae</span> <span class='ocrx_word' id='word_1_188' title='bbox 837 1545 916 1586; x_wconf 80' lang='lat' dir='ltr'>Dei</span> <span class='ocrx_word' id='word_1_189' title='bbox 953 1545 1018 1587; x_wconf 78' lang='lat' dir='ltr'>ve!</span> <span class='ocrx_word' id='word_1_190' title='bbox 1055 1544 1110 1587; x_wconf 82' lang='lat' dir='ltr'>ab</span> <span class='ocrx_word' id='word_1_191' title='bbox 1145 1545 1245 1603; x_wconf 76' lang='lat' dir='ltr'>ipsis</span> <span class='ocrx_word' id='word_1_192' title='bbox 1278 1546 1569 1596; x_wconf 74' lang='lat' dir='ltr'>consessui-iis,</span> <span class='ocrx_word' id='word_1_193' title='bbox 1610 1547 1676 1590; x_wconf 82' lang='lat' dir='ltr'>vel</span> <span class='ocrx_word' id='word_1_194' title='bbox 1709 1546 1767 1589; x_wconf 78' lang='lat' dir='ltr'>ab</span> <span class='ocrx_word' id='word_1_195' title='bbox 1802 1545 1895 1602; x_wconf 80' lang='lat' dir='ltr'>ipsa</span> <span class='ocrx_word' id='word_1_196' title='bbox 1942 1541 2022 1585; x_wconf 86' lang='lat' dir='ltr'>Dei</span> 
     </span>
     <span class='ocr_line' id='line_1_24' title="bbox 497 1602 2023 1650; baseline -0.003 -1"><span class='ocrx_word' id='word_1_197' title='bbox 497 1604 677 1649; x_wconf 75' lang='lat' dir='ltr'>Famula</span> <span class='ocrx_word' id='word_1_198' title='bbox 713 1604 827 1648; x_wconf 86' lang='lat' dir='ltr'>iussu</span> <span class='ocrx_word' id='word_1_199' title='bbox 865 1613 1008 1648; x_wconf 86' lang='lat' dir='ltr'>tamen</span> <span class='ocrx_word' id='word_1_200' title='bbox 1043 1606 1415 1649; x_wconf 69' lang='lat' dir='ltr'>confessariorum</span> <span class='ocrx_word' id='word_1_201' title='bbox 1452 1607 1505 1650; x_wconf 85' lang='lat' dir='ltr'>ad</span> <span class='ocrx_word' id='word_1_202' title='bbox 1541 1606 1678 1650; x_wconf 80' lang='lat' dir='ltr'>titium</span> <span class='ocrx_word' id='word_1_203' title='bbox 1701 1604 1896 1648; x_wconf 79' lang='lat' dir='ltr'>suumin</span> <span class='ocrx_word' id='word_1_204' title='bbox 1921 1602 2023 1646; x_wconf 79' lang='lat' dir='ltr'>Gat-</span> 
     </span>
     <span class='ocr_line' id='line_1_25' title="bbox 499 1664 2024 1711; baseline -0.002 -2"><span class='ocrx_word' id='word_1_205' title='bbox 499 1666 600 1709; x_wconf 85' lang='lat' dir='ltr'>liam</span> <span class='ocrx_word' id='word_1_206' title='bbox 635 1664 790 1708; x_wconf 78' lang='lat' dir='ltr'>missae</span> <span class='ocrx_word' id='word_1_207' title='bbox 823 1680 874 1707; x_wconf 84' lang='lat' dir='ltr'>ex</span> <span class='ocrx_word' id='word_1_208' title='bbox 910 1664 989 1708; x_wconf 79' lang='lat' dir='ltr'>iltis</span> <span class='ocrx_word' id='word_1_209' title='bbox 1024 1664 1139 1707; x_wconf 80' lang='lat' dir='ltr'>idem</span> <span class='ocrx_word' id='word_1_210' title='bbox 1176 1666 1306 1709; x_wconf 78' lang='lat' dir='ltr'>Filius</span> <span class='ocrx_word' id='word_1_211' title='bbox 1342 1667 1475 1709; x_wconf 87' lang='lat' dir='ltr'>vitam</span> <span class='ocrx_word' id='word_1_212' title='bbox 1501 1675 1644 1711; x_wconf 81' lang='lat' dir='ltr'>tautae</span> <span class='ocrx_word' id='word_1_213' title='bbox 1669 1664 1812 1709; x_wconf 85' lang='lat' dir='ltr'>matris</span> <span class='ocrx_word' id='word_1_214' title='bbox 1841 1664 2024 1706; x_wconf 79' lang='lat' dir='ltr'>conscri-</span> 
     </span>
     <span class='ocr_line' id='line_1_26' title="bbox 498 1723 2016 1785; baseline -0.002 -16"><span class='ocrx_word' id='word_1_215' title='bbox 498 1725 598 1785; x_wconf 60' lang='lat'>[2⁶²2.</span> <span class='ocrx_word' id='word_1_216' title='bbox 638 1726 683 1768; x_wconf 79' lang='lat' dir='ltr'>Et</span> <span class='ocrx_word' id='word_1_217' title='bbox 721 1725 798 1768; x_wconf 89' lang='lat' dir='ltr'>boc</span> <span class='ocrx_word' id='word_1_218' title='bbox 833 1740 915 1768; x_wconf 86' lang='lat' dir='ltr'>non</span> <span class='ocrx_word' id='word_1_219' title='bbox 951 1734 1012 1768; x_wconf 72' lang='lat' dir='ltr'>cst</span> <span class='ocrx_word' id='word_1_220' title='bbox 1045 1725 1230 1783; x_wconf 75' lang='lat' dir='ltr'>simplex</span> <span class='ocrx_word' id='word_1_221' title='bbox 1263 1733 1304 1769; x_wconf 89' lang='lat' dir='ltr'>et</span> <span class='ocrx_word' id='word_1_222' title='bbox 1343 1741 1452 1770; x_wconf 75' lang='lat' dir='ltr'>vanu</span> <span class='ocrx_word' id='word_1_223' title='bbox 1485 1727 1738 1771; x_wconf 86' lang='lat' dir='ltr'>coniectatio</span> <span class='ocrx_word' id='word_1_224' title='bbox 1772 1724 1848 1767; x_wconf 81' lang='lat' dir='ltr'>scd</span> <span class='ocrx_word' id='word_1_225' title='bbox 1871 1723 2016 1782; x_wconf 70' lang='lat' dir='ltr'>gravi,</span> 
     </span>
     <span class='ocr_line' id='line_1_27' title="bbox 500 1784 2021 1846; baseline -0.002 -16"><span class='ocrx_word' id='word_1_226' title='bbox 500 1803 548 1830; x_wconf 84' lang='lat' dir='ltr'>ac</span> <span class='ocrx_word' id='word_1_227' title='bbox 582 1784 720 1829; x_wconf 82' lang='lat' dir='ltr'>solido</span> <span class='ocrx_word' id='word_1_228' title='bbox 756 1785 905 1828; x_wconf 87' lang='lat' dir='ltr'>nititur</span> <span class='ocrx_word' id='word_1_229' title='bbox 940 1785 1223 1829; x_wconf 75' lang='lat' dir='ltr'>t&#39;umlamrnto</span> <span class='ocrx_word' id='word_1_230' title='bbox 1245 1821 1254 1837; x_wconf 89' lang='lat'>,</span> <span class='ocrx_word' id='word_1_231' title='bbox 1308 1803 1408 1830; x_wconf 87' lang='lat' dir='ltr'>nam</span> <span class='ocrx_word' id='word_1_232' title='bbox 1461 1786 1919 1846; x_wconf 77' lang='lat' dir='ltr'>praeterquamquod,</span> <span class='ocrx_word' id='word_1_233' title='bbox 1961 1785 2021 1827; x_wconf 87' lang='lat' dir='ltr'>uti</span> 
     </span>
     <span class='ocr_line' id='line_1_28' title="bbox 499 1845 2025 1907; baseline -0.002 -17"><span class='ocrx_word' id='word_1_234' title='bbox 499 1846 686 1891; x_wconf 77' lang='lat' dir='ltr'>vidimus</span> <span class='ocrx_word' id='word_1_235' title='bbox 724 1847 814 1904; x_wconf 79' lang='lat' dir='ltr'>ipsa</span> <span class='ocrx_word' id='word_1_236' title='bbox 853 1846 929 1889; x_wconf 72' lang='lat' dir='ltr'>noi</span> <span class='ocrx_word' id='word_1_237' title='bbox 964 1847 1142 1890; x_wconf 80' lang='lat' dir='ltr'><strong>Famula</strong></span> <span class='ocrx_word' id='word_1_238' title='bbox 1180 1847 1510 1905; x_wconf 74' lang='lat' dir='ltr'>incomparabili</span> <span class='ocrx_word' id='word_1_239' title='bbox 1544 1847 1740 1907; x_wconf 81' lang='lat' dir='ltr'>praedita</span> <span class='ocrx_word' id='word_1_240' title='bbox 1765 1855 1855 1889; x_wconf 82' lang='lat' dir='ltr'>erat</span> <span class='ocrx_word' id='word_1_241' title='bbox 1882 1845 2025 1889; x_wconf 87' lang='lat' dir='ltr'>bumi-</span> 
     </span>
     <span class='ocr_line' id='line_1_29' title="bbox 502 1906 2024 1958; baseline -0.002 -7"><span class='ocrx_word' id='word_1_242' title='bbox 502 1908 636 1958; x_wconf 79' lang='lat' dir='ltr'>litate,</span> <span class='ocrx_word' id='word_1_243' title='bbox 676 1907 755 1950; x_wconf 89' lang='lat' dir='ltr'>boc</span> <span class='ocrx_word' id='word_1_244' title='bbox 787 1907 915 1950; x_wconf 76' lang='lat' dir='ltr'>ctiam</span> <span class='ocrx_word' id='word_1_245' title='bbox 952 1922 1001 1950; x_wconf 85' lang='lat' dir='ltr'>cx</span> <span class='ocrx_word' id='word_1_246' title='bbox 1038 1915 1125 1951; x_wconf 90' lang='lat' dir='ltr'>tota</span> <span class='ocrx_word' id='word_1_247' title='bbox 1162 1908 1272 1951; x_wconf 76' lang='lat' dir='ltr'>vitae</span> <span class='ocrx_word' id='word_1_248' title='bbox 1299 1909 1395 1951; x_wconf 75' lang='lat' dir='ltr'>Eius</span> <span class='ocrx_word' id='word_1_249' title='bbox 1420 1910 1528 1952; x_wconf 83' lang='lat' dir='ltr'>serie</span> <span class='ocrx_word' id='word_1_250' title='bbox 1554 1906 1900 1953; x_wconf 79' lang='lat' dir='ltr'>manifestissime</span> <span class='ocrx_word' id='word_1_251' title='bbox 1923 1921 2024 1949; x_wconf 81' lang='lat' dir='ltr'>con-</span> 
     </span>
     <span class='ocr_line' id='line_1_30' title="bbox 502 1967 2025 2018; baseline -0.001 -6"><span class='ocrx_word' id='word_1_252' title='bbox 502 1976 599 2018; x_wconf 86' lang='lat' dir='ltr'>stat,</span> <span class='ocrx_word' id='word_1_253' title='bbox 638 1967 742 2011; x_wconf 67' lang='lat' dir='ltr'>nituit</span> <span class='ocrx_word' id='word_1_254' title='bbox 778 1967 954 2011; x_wconf 89' lang='lat' dir='ltr'>omnino</span> <span class='ocrx_word' id='word_1_255' title='bbox 990 1983 1067 2012; x_wconf 92' lang='lat' dir='ltr'>nec</span> <span class='ocrx_word' id='word_1_256' title='bbox 1101 1968 1207 2012; x_wconf 77' lang='lat' dir='ltr'>levis</span> <span class='ocrx_word' id='word_1_257' title='bbox 1251 1969 1459 2013; x_wconf 77' lang='lat' dir='ltr'>momenti</span> <span class='ocrx_word' id='word_1_258' title='bbox 1509 1972 1612 2013; x_wconf 77' lang='lat' dir='ltr'>Eum</span> <span class='ocrx_word' id='word_1_259' title='bbox 1659 1969 1806 2012; x_wconf 77' lang='lat' dir='ltr'>secisse</span> <span class='ocrx_word' id='word_1_260' title='bbox 1852 1967 1930 2010; x_wconf 84' lang='lat' dir='ltr'>uisi</span> <span class='ocrx_word' id='word_1_261' title='bbox 1972 1982 2025 2010; x_wconf 81' lang='lat' dir='ltr'>ex</span> 
     </span>
     <span class='ocr_line' id='line_1_31' title="bbox 503 2027 2027 2089; baseline -0.002 -17"><span class='ocrx_word' id='word_1_262' title='bbox 503 2028 769 2078; x_wconf 80' lang='lat' dir='ltr'>obedientia,</span> <span class='ocrx_word' id='word_1_263' title='bbox 807 2037 845 2071; x_wconf 78' lang='lat' dir='ltr'>ct</span> <span class='ocrx_word' id='word_1_264' title='bbox 883 2028 1070 2086; x_wconf 80' lang='lat' dir='ltr'>perfecta</span> <span class='ocrx_word' id='word_1_265' title='bbox 1102 2037 1234 2088; x_wconf 83' lang='lat' dir='ltr'>utque</span> <span class='ocrx_word' id='word_1_266' title='bbox 1267 2029 1519 2074; x_wconf 86' lang='lat' dir='ltr'>omnimoda</span> <span class='ocrx_word' id='word_1_267' title='bbox 1554 2030 1804 2089; x_wconf 79' lang='lat' dir='ltr'>praesertim</span> <span class='ocrx_word' id='word_1_268' title='bbox 1841 2027 1902 2071; x_wconf 86' lang='lat' dir='ltr'>sui</span> <span class='ocrx_word' id='word_1_269' title='bbox 1942 2028 2027 2084; x_wconf 79' lang='lat' dir='ltr'>spi-</span> 
     </span>
     <span class='ocr_line' id='line_1_32' title="bbox 503 2088 2024 2151; baseline -0.002 -18"><span class='ocrx_word' id='word_1_270' title='bbox 503 2089 609 2134; x_wconf 86' lang='lat' dir='ltr'>ritus</span> <span class='ocrx_word' id='word_1_271' title='bbox 642 2088 987 2133; x_wconf 81' lang='lat' dir='ltr'>Moderatoribus</span> <span class='ocrx_word' id='word_1_272' title='bbox 1020 2089 1336 2148; x_wconf 76' lang='lat' dir='ltr'>dependentia3</span> <span class='ocrx_word' id='word_1_273' title='bbox 1375 2090 1490 2135; x_wconf 86' lang='lat' dir='ltr'>bisce</span> <span class='ocrx_word' id='word_1_274' title='bbox 1522 2090 1686 2151; x_wconf 84' lang='lat' dir='ltr'>positis,</span> <span class='ocrx_word' id='word_1_275' title='bbox 1711 2088 1832 2133; x_wconf 82' lang='lat' dir='ltr'>sicuti</span> <span class='ocrx_word' id='word_1_276' title='bbox 1858 2088 2024 2132; x_wconf 78' lang='lat' dir='ltr'>nultum</span> 
     </span>
     <span class='ocr_line' id='line_1_33' title="bbox 504 2149 2025 2211; baseline -0.001 -18"><span class='ocrx_word' id='word_1_277' title='bbox 504 2149 774 2193; x_wconf 77' lang='lat' dir='ltr'>obstaculum</span> <span class='ocrx_word' id='word_1_278' title='bbox 810 2149 922 2194; x_wconf 88' lang='lat' dir='ltr'>dicta</span> <span class='ocrx_word' id='word_1_279' title='bbox 959 2150 1070 2194; x_wconf 84' lang='lat' dir='ltr'>vitae</span> <span class='ocrx_word' id='word_1_280' title='bbox 1105 2153 1306 2210; x_wconf 79' lang='lat' dir='ltr'>propriae</span> <span class='ocrx_word' id='word_1_281' title='bbox 1340 2151 1530 2209; x_wconf 86' lang='lat' dir='ltr'>scriptio,</span> <span class='ocrx_word' id='word_1_282' title='bbox 1571 2159 1779 2211; x_wconf 59' lang='lat' dir='ltr'>peperunt</span> <span class='ocrx_word' id='word_1_283' title='bbox 1816 2149 2025 2194; x_wconf 80' lang='lat' dir='ltr'>Sanctita-</span> 
     </span>
     <span class='ocr_line' id='line_1_34' title="bbox 507 2208 2028 2269; baseline -0.001 -16"><span class='ocrx_word' id='word_1_284' title='bbox 507 2211 559 2254; x_wconf 88' lang='lat' dir='ltr'>tis</span> <span class='ocrx_word' id='word_1_285' title='bbox 591 2211 750 2254; x_wconf 84' lang='lat' dir='ltr'>Famae</span> <span class='ocrx_word' id='word_1_286' title='bbox 785 2210 1012 2269; x_wconf 80' lang='lat' dir='ltr'>insignium</span> <span class='ocrx_word' id='word_1_287' title='bbox 1051 2211 1221 2256; x_wconf 82' lang='lat' dir='ltr'>iliorum</span> <span class='ocrx_word' id='word_1_288' title='bbox 1246 2213 1471 2257; x_wconf 70' lang='lat' dir='ltr'>sanctitate</span> <span class='ocrx_word' id='word_1_289' title='bbox 1496 2213 1718 2257; x_wconf 90' lang='lat' dir='ltr'>bominum</span> <span class='ocrx_word' id='word_1_290' title='bbox 1743 2211 1799 2255; x_wconf 86' lang='lat' dir='ltr'>ab</span> <span class='ocrx_word' id='word_1_291' title='bbox 1819 2208 2028 2254; x_wconf 79' lang='lat' dir='ltr'>Animad-</span> 
     </span>
     <span class='ocr_line' id='line_1_35' title="bbox 507 2269 2027 2333; baseline -0.001 -19"><span class='ocrx_word' id='word_1_292' title='bbox 507 2286 677 2314; x_wconf 86' lang='lat' dir='ltr'>versore</span> <span class='ocrx_word' id='word_1_293' title='bbox 712 2279 855 2314; x_wconf 89' lang='lat' dir='ltr'>nostro</span> <span class='ocrx_word' id='word_1_294' title='bbox 893 2270 1136 2324; x_wconf 86' lang='lat' dir='ltr'>citatorum,</span> <span class='ocrx_word' id='word_1_295' title='bbox 1173 2281 1216 2316; x_wconf 87' lang='lat' dir='ltr'>et</span> <span class='ocrx_word' id='word_1_296' title='bbox 1250 2274 1329 2317; x_wconf 87' lang='lat' dir='ltr'>boc</span> <span class='ocrx_word' id='word_1_297' title='bbox 1361 2273 1463 2333; x_wconf 83' lang='lat' dir='ltr'>quia</span> <span class='ocrx_word' id='word_1_298' title='bbox 1496 2273 1747 2317; x_wconf 84' lang='lat' dir='ltr'>obedientia</span> <span class='ocrx_word' id='word_1_299' title='bbox 1781 2270 1913 2314; x_wconf 88' lang='lat' dir='ltr'>coacti</span> <span class='ocrx_word' id='word_1_300' title='bbox 1950 2269 2027 2313; x_wconf 87' lang='lat' dir='ltr'>boe</span> 
     </span>
     <span class='ocr_line' id='line_1_36' title="bbox 507 2329 2028 2392; baseline -0.001 -18"><span class='ocrx_word' id='word_1_301' title='bbox 507 2332 639 2376; x_wconf 80' lang='lat' dir='ltr'>iidem</span> <span class='ocrx_word' id='word_1_302' title='bbox 675 2332 996 2389; x_wconf 80' lang='lat' dir='ltr'>praestiterunt,</span> <span class='ocrx_word' id='word_1_303' title='bbox 1035 2334 1091 2377; x_wconf 82' lang='lat' dir='ltr'>itu</span> <span class='ocrx_word' id='word_1_304' title='bbox 1126 2351 1149 2378; x_wconf 80' lang='lat' dir='ltr'>a</span> <span class='ocrx_word' id='word_1_305' title='bbox 1185 2335 1277 2392; x_wconf 80' lang='lat' dir='ltr'>pari</span> <span class='ocrx_word' id='word_1_306' title='bbox 1311 2349 1390 2378; x_wconf 86' lang='lat' dir='ltr'>nec</span> <span class='ocrx_word' id='word_1_307' title='bbox 1413 2336 1571 2380; x_wconf 86' lang='lat' dir='ltr'>Scrvae</span> <span class='ocrx_word' id='word_1_308' title='bbox 1598 2333 1676 2378; x_wconf 87' lang='lat' dir='ltr'>Dei</span> <span class='ocrx_word' id='word_1_309' title='bbox 1698 2332 1847 2379; x_wconf 85' lang='lat' dir='ltr'>Sorori</span> <span class='ocrx_word' id='word_1_310' title='bbox 1871 2329 2028 2375; x_wconf 83' lang='lat' dir='ltr'>Mariae</span> 
     </span>
     <span class='ocr_line' id='line_1_37' title="bbox 508 2392 1555 2451; baseline 0.004 -15"><span class='ocrx_word' id='word_1_311' title='bbox 508 2393 563 2436; x_wconf 77' lang='lat' dir='ltr'>ab</span> <span class='ocrx_word' id='word_1_312' title='bbox 597 2392 893 2436; x_wconf 80' lang='lat' dir='ltr'>incarnatione</span> <span class='ocrx_word' id='word_1_313' title='bbox 929 2404 1108 2451; x_wconf 80' lang='lat' dir='ltr'>possunt</span> <span class='ocrx_word' id='word_1_314' title='bbox 1144 2395 1352 2439; x_wconf 74' lang='lat' dir='ltr'>unimode</span> <span class='ocrx_word' id='word_1_315' title='bbox 1386 2396 1555 2440; x_wconf 79' lang='lat' dir='ltr'>obesse.</span> 
     </span>
    </p>

    <p class='ocr_par' dir='ltr' id='par_1_7' title="bbox 508 2453 2031 2819">
     <span class='ocr_line' id='line_1_38' title="bbox 607 2453 2028 2510; baseline -0.002 -14"><span class='ocrx_word' id='word_1_316' title='bbox 607 2453 713 2496; x_wconf 78' lang='grc'>122.</span> <span class='ocrx_word' id='word_1_317' title='bbox 742 2453 802 2496; x_wconf 81' lang='lat' dir='ltr'>Ex</span> <span class='ocrx_word' id='word_1_318' title='bbox 825 2453 1068 2499; x_wconf 82' lang='lat' dir='ltr'>bumilitate</span> <span class='ocrx_word' id='word_1_319' title='bbox 1092 2456 1252 2500; x_wconf 81' lang='lat' dir='ltr'>Scrvae</span> <span class='ocrx_word' id='word_1_320' title='bbox 1274 2456 1353 2499; x_wconf 85' lang='lat' dir='ltr'>Dei</span> <span class='ocrx_word' id='word_1_321' title='bbox 1380 2456 1434 2499; x_wconf 92' lang='lat' dir='ltr'>ad</span> <span class='ocrx_word' id='word_1_322' title='bbox 1459 2456 1739 2501; x_wconf 68' lang='lat' dir='ltr'>prudentiam</span> <span class='ocrx_word' id='word_1_323' title='bbox 1763 2454 1863 2498; x_wconf 86' lang='lat' dir='ltr'>Eius</span> <span class='ocrx_word' id='word_1_324' title='bbox 1887 2454 2028 2510; x_wconf 85' lang='lat' dir='ltr'>impu-</span> 
     </span>
     <span class='ocr_line' id='line_1_39' title="bbox 508 2512 2028 2576; baseline -0.001 -21"><span class='ocrx_word' id='word_1_325' title='bbox 508 2512 726 2572; x_wconf 74' lang='lat' dir='ltr'>gnandam</span> <span class='ocrx_word' id='word_1_326' title='bbox 752 2513 934 2571; x_wconf 71' lang='lat' dir='ltr'>gradun·</span> <span class='ocrx_word' id='word_1_327' title='bbox 961 2514 1059 2559; x_wconf 80' lang='lat' dir='ltr'>facit</span> <span class='ocrx_word' id='word_1_328' title='bbox 1080 2517 1241 2560; x_wconf 85' lang='lat' dir='ltr'>Censor</span> <span class='ocrx_word' id='word_1_329' title='bbox 1263 2516 1475 2575; x_wconf 71' lang='lat' dir='ltr'>egregius,</span> <span class='ocrx_word' id='word_1_330' title='bbox 1503 2527 1635 2576; x_wconf 85' lang='lat' dir='ltr'>utque</span> <span class='ocrx_word' id='word_1_331' title='bbox 1670 2516 1724 2560; x_wconf 86' lang='lat' dir='ltr'>ita</span> <span class='ocrx_word' id='word_1_332' title='bbox 1758 2515 1928 2560; x_wconf 85' lang='lat' dir='ltr'>disserit</span> <span class='ocrx_word' id='word_1_333' title='bbox 1950 2528 2028 2572; x_wconf 89' lang='lat' dir='ltr'>pro</span> 
     </span>
     <span class='ocr_line' id='line_1_40' title="bbox 508 2573 2025 2636; baseline -0.001 -19"><span class='ocrx_word' id='word_1_334' title='bbox 508 2589 585 2618; x_wconf 89' lang='lat' dir='ltr'>suo</span> <span class='ocrx_word' id='word_1_335' title='bbox 608 2589 744 2617; x_wconf 86' lang='lat' dir='ltr'>more.</span> <span class='ocrx_word' id='word_1_336' title='bbox 766 2575 855 2618; x_wconf 85' lang='lat' dir='ltr'>Non</span> <span class='ocrx_word' id='word_1_337' title='bbox 877 2590 1011 2633; x_wconf 81' lang='lat' dir='ltr'>pauca</span> <span class='ocrx_word' id='word_1_338' title='bbox 1031 2576 1086 2621; x_wconf 86' lang='lat' dir='ltr'>dc</span> <span class='ocrx_word' id='word_1_339' title='bbox 1102 2578 1261 2622; x_wconf 79' lang='lat' dir='ltr'>Sorvae</span> <span class='ocrx_word' id='word_1_340' title='bbox 1279 2578 1357 2621; x_wconf 89' lang='lat' dir='ltr'>Dei</span> <span class='ocrx_word' id='word_1_341' title='bbox 1379 2578 1611 2636; x_wconf 83' lang='lat' dir='ltr'>prudentia</span> <span class='ocrx_word' id='word_1_342' title='bbox 1629 2584 1803 2621; x_wconf 84' lang='lat' dir='ltr'>narrant</span> <span class='ocrx_word' id='word_1_343' title='bbox 1821 2573 2025 2635; x_wconf 75' lang='lat' dir='ltr'>historici.</span> 
     </span>
     <span class='ocr_line' id='line_1_41' title="bbox 508 2634 2026 2697; baseline 0 -18"><span class='ocrx_word' id='word_1_344' title='bbox 508 2636 566 2679; x_wconf 84' lang='lat' dir='ltr'>At</span> <span class='ocrx_word' id='word_1_345' title='bbox 591 2650 692 2679; x_wconf 83' lang='lat' dir='ltr'>sane</span> <span class='ocrx_word' id='word_1_346' title='bbox 717 2634 1164 2694; x_wconf 77' lang='lat' dir='ltr'>imprudentissimum</span> <span class='ocrx_word' id='word_1_347' title='bbox 1189 2637 1347 2681; x_wconf 84' lang='lat' dir='ltr'>dixeris</span> <span class='ocrx_word' id='word_1_348' title='bbox 1371 2639 1490 2697; x_wconf 84' lang='lat' dir='ltr'>quod</span> <span class='ocrx_word' id='word_1_349' title='bbox 1515 2638 1894 2682; x_wconf 81' lang='lat' dir='ltr'>indiscriminatim</span> <span class='ocrx_word' id='word_1_350' title='bbox 1914 2637 2026 2681; x_wconf 89' lang='lat' dir='ltr'>viros</span> 
     </span>
     <span class='ocr_line' id='line_1_42' title="bbox 510 2695 2030 2758; baseline 0.003 -20"><span class='ocrx_word' id='word_1_351' title='bbox 510 2695 766 2739; x_wconf 74' lang='lat' dir='ltr'>mulieribus</span> <span class='ocrx_word' id='word_1_352' title='bbox 784 2697 1039 2741; x_wconf 81' lang='lat' dir='ltr'>commixtos</span> <span class='ocrx_word' id='word_1_353' title='bbox 1060 2698 1100 2740; x_wconf 85' lang='lat' dir='ltr'>in</span> <span class='ocrx_word' id='word_1_354' title='bbox 1126 2700 1381 2742; x_wconf 80' lang='lat' dir='ltr'>Monastcrio</span> <span class='ocrx_word' id='word_1_355' title='bbox 1400 2701 1626 2757; x_wconf 85' lang='lat' dir='ltr'>reciperet.</span> <span class='ocrx_word' id='word_1_356' title='bbox 1649 2701 1888 2744; x_wconf 74' lang='lat' dir='ltr'>memorant</span> <span class='ocrx_word' id='word_1_357' title='bbox 1905 2699 2030 2758; x_wconf 86' lang='lat' dir='ltr'>quip-</span> 
     </span>
     <span class='ocr_line' id='line_1_43' title="bbox 510 2756 2031 2819; baseline 0.003 -21"><span class='ocrx_word' id='word_1_358' title='bbox 510 2771 566 2815; x_wconf 87' lang='lat' dir='ltr'>pe</span> <span class='ocrx_word' id='word_1_359' title='bbox 591 2765 681 2801; x_wconf 82' lang='lat' dir='ltr'>acta</span> <span class='ocrx_word' id='word_1_360' title='bbox 707 2776 722 2794; x_wconf 80' lang='grc' dir='ltr'>ι</span> <span class='ocrx_word' id='word_1_361' title='bbox 745 2756 780 2800; x_wconf 82' lang='lat' dir='ltr'>ta</span> <span class='ocrx_word' id='word_1_362' title='bbox 804 2758 996 2816; x_wconf 76' lang='lat' dir='ltr'>quantita</span> <span class='ocrx_word' id='word_1_363' title='bbox 1021 2758 1067 2802; x_wconf 89' lang='lat' dir='ltr'>di</span> <span class='ocrx_word' id='word_1_364' title='bbox 1092 2760 1274 2810; x_wconf 80' lang='lat' dir='ltr'>nomini,</span> <span class='ocrx_word' id='word_1_365' title='bbox 1291 2776 1313 2802; x_wconf 89' lang='lat' dir='ltr'>e</span> <span class='ocrx_word' id='word_1_366' title='bbox 1336 2760 1381 2804; x_wconf 91' lang='lat' dir='ltr'>di</span> <span class='ocrx_word' id='word_1_367' title='bbox 1405 2760 1567 2812; x_wconf 90' lang='lat' dir='ltr'>donnc;</span> <span class='ocrx_word' id='word_1_368' title='bbox 1583 2761 1722 2819; x_wconf 90' lang='lat' dir='ltr'>questi</span> <span class='ocrx_word' id='word_1_369' title='bbox 1745 2760 1983 2804; x_wconf 68' lang='lat' dir='ltr'>dimon-avo&lt;</span> <span class='ocrx_word' id='word_1_370' title='bbox 2013 2776 2031 2787; x_wconf 52' lang='lat'><em>2</em></span> 
     </span>
    </p>
   </div>
   <div class='ocr_carea' id='block_1_7' title="bbox 633 2878 1386 2941">
    <p class='ocr_par' dir='ltr' id='par_1_8' title="bbox 633 2878 1386 2941">
     <span class='ocr_line' id='line_1_44' title="bbox 633 2878 1386 2941; baseline 0.008 -20"><span class='ocrx_word' id='word_1_371' title='bbox 633 2878 700 2939; x_wconf 79' lang='grc'>(1)</span> <span class='ocrx_word' id='word_1_372' title='bbox 734 2878 885 2923; x_wconf 77' lang='lat' dir='ltr'>Summ-</span> <span class='ocrx_word' id='word_1_373' title='bbox 921 2896 1021 2938; x_wconf 73' lang='lat' dir='ltr'><strong><em>pay.</em></strong></span> <span class='ocrx_word' id='word_1_374' title='bbox 1059 2882 1117 2924; x_wconf 81' lang='lat'>63</span> <span class='ocrx_word' id='word_1_375' title='bbox 1151 2881 1195 2941; x_wconf 75' lang='lat' dir='ltr'>S.</span> <span class='ocrx_word' id='word_1_376' title='bbox 1233 2883 1386 2928; x_wconf 76' lang='lat'><strong>22-23.</strong></span> 
     </span>
    </p>
   </div>
   <div class='ocr_carea' id='block_1_8' title="bbox 2060 2568 2265 2692">
    <p class='ocr_par' dir='ltr' id='par_1_9' title="bbox 2060 2568 2265 2692">
     <span class='ocr_line' id='line_1_45' title="bbox 2060 2568 2265 2613; baseline 0 0"><span class='ocrx_word' id='word_1_377' title='bbox 2060 2568 2265 2613; x_wconf 76' lang='lat' dir='ltr'>Animad.</span> 
     </span>
     <span class='ocr_line' id='line_1_46' title="bbox 2088 2630 2228 2692; baseline 0.007 -18"><span class='ocrx_word' id='word_1_378' title='bbox 2088 2630 2118 2692; x_wconf 73' lang='lat' dir='ltr'>S</span> <span class='ocrx_word' id='word_1_379' title='bbox 2151 2631 2228 2675; x_wconf 88' lang='grc'>18.</span> 
     </span>
    </p>
   </div>
   <div class='ocr_carea' id='block_1_9' title="bbox 0 0 2608 3552">
    <p class='ocr_par' dir='ltr' id='par_1_10' title="bbox 0 0 2608 3552">
     <span class='ocr_line' id='line_1_47' title="bbox 0 0 2608 3552; baseline 0 0"><span class='ocrx_word' id='word_1_380' title='bbox 0 0 2608 3552; x_wconf 95' lang='lat' dir='ltr'> </span> 
     </span>
    </p>
   </div>
  </div>
 </body>
</html>
