2672 3584
1932 295 1991 339 20

481 367 656 411 firmare
690 367 914 411 eontendit
949 382 1001 410 ex
1036 366 1136 425 ipsis
1170 368 1329 411 Sei-vae
1364 367 1443 410 Dei
1492 367 1634 411 verbis
1668 383 1780 427 qnae
1825 368 1903 412 liae
1945 368 2001 413 de

480 444 526 472 re
561 428 734 472 anxiam
773 444 818 471 se
853 429 1035 486 praebet
1070 426 1189 485 (Vita
1226 442 1267 485 p.
1311 426 1412 476 152,
1453 426 1557 477 157,
1597 428 1710 479 188,
1748 430 1876 488 201).
1916 430 1999 473 Nee

477 490 576 533 satis
611 488 651 532 id
686 491 860 533 Censori
898 496 1041 531 nostro
1075 503 1167 530 esse
1191 487 1362 530 videtur
1383 487 1739 547 ‹piandoquidem
1766 489 1870 534 illud
1895 505 1999 549 quo-

479 566 564 610 que
600 550 721 594 addit
756 549 810 594 ad
846 548 1090 593 antithesim
1127 564 1244 591 suum
1280 547 1658 599 eonvalidamlam,
1703 551 1819 608 ‹piod
1864 553 1999 596 Serva

483 611 560 654 Dei
596 610 939 667 exaggerationis
974 609 1103 652 etiam
1142 608 1386 652 insimulata
1422 609 1499 652 fuit
1533 609 1649 667 quod
1685 611 1838 667 probat
1860 612 1999 655 addu-

475 671 551 714 ctis
587 672 700 714 testis
735 672 787 714 ΙΙΙ
827 671 971 714 verbis
1006 670 1108 713 liaee
1142 668 1196 712 de
1228 685 1303 713 sua
1337 669 1543 725 genitriee
1578 670 1815 714 referentis.
1845 673 1997 716 dtam-

485 753 498 769 ·
530 740 674 775 mento
708 732 785 775 elie
820 731 1003 787 giovane
1038 746 1207 779 aneon-a,
1248 731 1382 788 provo
1425 744 1592 773 smnmo
1633 731 1870 788 ‹lispiaeere
1920 748 1997 791 per

485 813 500 831 ι
528 808 657 835 avere
693 793 829 835 inteso
863 791 1045 851 qualelie
1082 807 1263 849 persona
1297 808 1319 833 a
1356 790 1449 834 dire
1486 791 1526 834 in
1561 807 1631 835 sua
1670 807 1872 850 preseuza
1920 793 1997 837 elie.

485 874 498 891 υ
532 854 569 896 la
607 853 749 897 Madre
784 852 882 897 dell'
906 852 1205 896 lnearnazioiw
1254 867 1388 895 av‹=.va
1432 861 1682 908 esaggerato
1720 853 1786 895 nel
1832 853 2000 897 deseri-

485 934 500 953 ι
533 929 632 957 vere
668 915 677 958 i
713 915 931 957 teri-emoti
969 913 1170 958 avvenuti
1209 912 1306 956 nell'
1332 929 1443 956 anm)
1472 913 1992 972 ltili-‘inffiumnnpilii).

478 973 521 1031 S.
559 975 655 1032 51).
695 976 806 1018 llaee
842 974 1018 1033 inquam
1052 973 1214 1017 nullam
1251 990 1427 1032 prorsus
1449 972 1743 1018 dillicultatein
1770 974 1996 1019 facessunt.

480 1036 527 1077 Ei
561 1050 663 1078 sane
695 1036 804 1078 sieut.
839 1035 1081 1078 huiusmodi
1119 1034 1314 1085 visiones,
1352 1034 1660 1092 apparitiones,
1700 1051 1747 1078 ae
1787 1035 1996 1093 mysticae

481 1095 716 1139 locutiones
749 1110 861 1154 (piae
896 1095 936 1138 in
972 1094 1208 1152 Seraphina
1248 1094 1433 1137 Carmeli
1473 1097 1518 1139 S.
1547 1095 1718 1139 Teresia
1753 1095 1894 1138 loeum
1930 1096 2000 1140 lia-

477 1156 684 1207 buerunt,
702 1157 860 1215 ‹piibus
895 1156 981 1198 imo
1007 1155 1169 1213 integra
1194 1156 1306 1198 illius
1332 1155 1414 1198 vita
1449 1163 1643 1199 contexta
1669 1156 1997 1215 ‹piodauinnulo

479 1216 570 1267 fuit,
598 1218 757 1261 nullam
795 1217 1005 1268 falsitatis,
1027 1223 1068 1259 et
1102 1215 1446 1259 liallneinationis
1480 1215 1770 1273 suspicionem
1808 1217 1994 1274 ingesse-

478 1293 539 1328 re,
578 1277 727 1321 saltem
765 1278 805 1320 in
843 1277 941 1320 viris
977 1277 1148 1335 pietate,
1188 1276 1397 1326 ‹loeti-ina,
1434 1285 1477 1319 et
1511 1277 1740 1333 spirituum
1777 1277 2000 1321 diseretio-

478 1353 530 1380 ne
567 1338 787 1396 praeditis,
830 1338 884 1382 ita
920 1355 943 1380 a
980 1338 1068 1396 pari
1105 1337 1145 1381 in
1184 1338 1257 1380 liae
1292 1338 1427 1380 altera
1461 1337 1524 1380 sui
1560 1339 1717 1382 saeculi
1742 1372 1750 1386 .
1787 1347 1829 1382 et
1867 1340 1996 1382 *xmo-

484 1399 597 1442 rieue
646 1399 1017 1456 septennii-ionalis
1049 1398 1222 1441 Teresia
1271 1398 1433 1441 nullam
1471 1398 1535 1441 vel
1573 1398 1796 1444 minimam
1833 1398 2000 1442 salsita-

479 1467 539 1502 tes
574 1469 615 1502 et
649 1459 994 1503 hallucinationis
1030 1458 1171 1502 ideam
1208 1467 1381 1516 possunt
1406 1458 1560 1502 merito
1585 1459 1793 1517 ingerere.
1819 1462 1867 1503 Ei
1892 1457 2001 1503 ratio

476 1520 603 1563 liuius
639 1520 830 1578 paritatis
863 1529 942 1570 est,
981 1520 1099 1578 quod
1132 1519 1244 1562 ‹lieta
1278 1535 1465 1576 superna
1500 1519 1755 1564 charismata
1797 1521 1921 1563 sicuti
1958 1521 1999 1563 in

476 1581 663 1624 Carmeli
697 1581 955 1638 Seraphim,
997 1582 1052 1623 ita
1088 1588 1129 1623 et
1165 1580 1204 1622 in
1239 1583 1394 1623 Sorore
1431 1580 1559 1624 Maria
1603 1582 1658 1624 ab
1702 1581 2003 1625 incarnatione

475 1649 596 1685 erant
629 1642 869 1685 eminenter
902 1650 943 1684 et
977 1640 1213 1684 arctissime
1245 1640 1485 1684 consociata
1520 1657 1620 1684 eum
1656 1642 1835 1685 heroicis
1867 1642 2002 1684 virtu-

478 1702 592 1745 t-ibns
625 1703 1000 1760 quibuscumque,
1040 1718 1087 1745 ae
1122 1701 1351 1759 praecipue.
1383 1717 1480 1745 eum
1514 1701 1720 1759 singulari
1757 1702 2004 1746 bumilitate

480 1762 729 1806 obedientia
763 1763 1032 1811 omnimoda,
1070 1779 1116 1806 ae
1150 1761 1443 1819 dependentia
1476 1762 1539 1805 sui
1564 1763 1736 1821 spiritus
1763 1764 2003 1807 Moderato-

477 1824 614 1874 ribus,
652 1840 701 1868 ae
735 1823 969 1882 prudentia
1006 1822 1350 1881 incomparabili,
1391 1823 1447 1865 uti
1486 1823 1632 1866 videre
1655 1834 1714 1867 est
1742 1824 1780 1867 in
1805 1826 2004 1869 Summa-

477 1885 539 1927 rio
576 1884 617 1927 in
654 1885 702 1928 iis
734 1885 947 1942 capitibus
981 1900 1091 1943 quae
1125 1884 1181 1926 ‹le
1206 1884 1453 1926 memoratis
1477 1887 1635 1928 Servae
1663 1884 1743 1927 Dei
1769 1885 2002 1929 virtutibus

481 1946 614 1989 verba
650 1945 823 1989 l'aeiuut.
863 1947 1006 2005 Atque
1041 1945 1116 1988 hoe
1151 1944 1257 1987 adeo
1293 1960 1444 1988 veroni
1484 1952 1547 1988 est
1583 1954 1622 1988 ut
1650 1946 2003 1990 etModeratores

479 2005 554 2064 ipsi
591 2006 765 2062 spiritus
799 2009 960 2050 Sei-vae
996 2005 1093 2055 Dei,
1132 2014 1174 2047 et
1209 2005 1279 2048 alii
1319 2006 1393 2063 qui
1441 2005 1481 2048 in
1527 2014 1772 2049 sanctorum
1823 2006 2002 2050 seientia

481 2067 761 2111 admirabiles·
797 2067 986 2110 fecerant.
1011 2082 1258 2124 progressus
1291 2082 1344 2108 ex
1368 2066 1493 2110 dietis
1517 2066 1777 2118 visionibus,
1805 2076 1848 2111 et
1873 2083 2005 2125 appa-

478 2128 709 2171 ritionibus
745 2127 981 2171 maximam
1015 2127 1260 2171 Sanctitatis
1294 2135 1337 2169 et
1371 2128 1566 2170 coelestis
1599 2128 1820 2172 doetrinae
1840 2129 2003 2172 Servae-

477 2188 558 2232 Dei
585 2189 725 2232 ideam
751 2188 835 2232 sibi
862 2189 1018 2231 merito
1041 2188 1381 2231 el'l'ormaverint.
1398 2188 1441 2231 ld
1467 2197 1629 2232 constat
1651 2197 1801 2246 aperte
1825 2204 1877 2232 ex
1911 2204 2005 2232 ver-

476 2249 540 2292 bis
577 2251 624 2292 l‘.
663 2250 913 2307 Hieronymi
948 2249 1182 2293 Lallemant
1209 2263 1232 2291 e
1254 2249 1466 2294 Societate
1493 2251 1585 2292 lesu
1610 2249 1889 2293 Moderatoris
1917 2250 2004 2307 spi-

477 2309 581 2353 ritus
615 2311 781 2354 Sororis
818 2311 973 2353 Mariae
1000 2309 1055 2352 ab
1076 2310 1389 2361 incarnatione,
1416 2318 1457 2353 et
1493 2310 1534 2352 in
1561 2326 1668 2353 nova
1702 2310 1838 2354 Gallia
1863 2312 2002 2368 Supe-

478 2370 604 2413 rioris
644 2370 873 2415 videlieet:
921 2391 936 2409 α
983 2373 1040 2414 La
1075 2370 1284 2414 memoria
1335 2371 1448 2414 della
1486 2370 1631 2414 Madre
1665 2371 1765 2414 dell'
1793 2372 2004 2414 lnearna-

487 2453 501 2470 ι
529 2431 652 2475 zione
685 2433 777 2475 sara
811 2447 985 2490 sempre
1017 2432 1255 2475 benedetla
1291 2432 1331 2474 in
1367 2440 1517 2490 queste
1551 2431 1813 2483 contrade,e
1837 2440 1999 2490 quanto

487 2513 502 2532 »
533 2508 556 2536 a
592 2508 660 2535 me
694 2493 747 2536 lio
781 2493 962 2551 bisogno
997 2492 1041 2536 di
1078 2492 1231 2537 {iducia
1266 2493 1378 2537 nelle
1411 2509 1486 2536 sue
1522 2493 1780 2551 preglniem,
1817 2509 1841 2536 e
1875 2509 2003 2550 spero

487 2575 501 2592 n
532 2554 610 2597 elie
644 2555 740 2597 Essa
774 2554 833 2597 mi
868 2555 1032 2598 aiutera
1065 2570 1087 2596 a
1122 2554 1206 2596 ben
1244 2554 1430 2603 morire,
1470 2554 1627 2609 meglio
1660 2554 1706 2597 di
1749 2561 1912 2612 quanto
1948 2554 2002 2596 lio

484 2637 499 2654 ι
528 2615 634 2658 fatto
669 2614 708 2658 io
741 2632 764 2659 a
799 2630 875 2658 suo
911 2614 1131 2673 riguardo.
1178 2636 1194 2653 »
1235 2616 1284 2658 Et
1316 2614 1432 2672 quod
1467 2614 1601 2673 pluris
1634 2623 1696 2658 est
1730 2613 1993 2665 faciendum,

476 2678 552 2720 hac
586 2676 706 2720 addit
729 2676 847 2734 quod
871 2677 986 2720 bene
1013 2676 1252 2734 perpendat
1276 2675 1560 2719 Adversarius
1585 2675 1998 2734 praestantissimus.

481 2758 496 2776 ι
529 2738 591 2780 ΙΙο
625 2753 798 2794 sempre
833 2745 1010 2796 provato
1044 2746 1246 2780 contento
1282 2736 1353 2779 nel
1386 2736 1657 2780 considerare
1692 2737 1852 2794 l’opera
1882 2736 2000 2780 dello

482 2819 498 2838 n
526 2798 689 2856 Spirito
723 2800 853 2843 Sauto
888 2799 929 2842 in
968 2800 1081 2849 Essa,
1101 2813 1229 2842 senza
1253 2798 1476 2855 ingerirmi
1503 2806 1637 2856 punto
1660 2797 1862 2841 d’aleuna
1885 2812 1998 2848 cosa,

481 2880 496 2899 ι
526 2876 605 2918 per
637 2859 793 2904 timore
827 2859 872 2904 di
904 2869 1076 2919 guast-ar
1111 2867 1223 2903 tutto
1248 2859 1331 2919 (1).
1362 2880 1378 2897 ιο
1408 2861 1495 2902 lam
1520 2874 1639 2910 vero,
1669 2859 1738 2903 vel
1762 2858 2003 2903 dicendum

611 2981 677 3041 (1)
711 2982 864 3026 Summ.
897 2998 999 3040 pay.
1038 2982 1141 3033 456,
1182 2981 1268 3025 157
1304 2980 1332 3040 S
1368 2982 1442 3025 33.
