2632 3600
2023 296 2074 340 m

597 392 613 408 ·
640 385 700 418 re,
737 368 954 414 denntcmi
991 383 1078 412 una
1113 382 1216 411 voce
1250 367 1353 410 assui
1390 372 1565 425 potente
1606 381 1682 425 per
1718 365 1822 411 fai-la
1863 366 2082 413 risuonare

600 451 614 468 ι
645 429 729 474 lino
763 428 1055 475 all'estremitii
1089 427 1201 471 della
1238 435 1365 474 terrui.
1404 445 1427 472 e
1459 428 1723 471 unnunziare
1746 425 1785 470 al
1821 427 1983 471 mondo
2017 428 2079 473 in-

598 512 612 530 ·
643 491 762 540 tien-0,
800 490 877 533 elne
911 491 939 532 ul
974 488 1062 532 mio
1095 487 1245 532 divino
1275 489 1415 546 §poso
1448 488 1471 530 i:
1505 486 1647 544 degne
1681 487 1726 531 di
1763 501 1960 544 regnare,
1989 504 2011 532 e
2035 489 2082 533 di

599 571 612 588 a
641 566 778 594 essere
812 560 954 594 umato
989 549 1045 591 (Ιιι
1081 547 1175 591 tutti
1213 547 1223 590 i
1256 548 1389 591 euori.
1420 568 1435 586 ι
1475 549 1521 591 ΕΙ
1558 547 1735 592 inferius
1769 546 1920 592 eadem
1970 549 2083 592 testis

591 613 777 669 (Summ.
802 609 907 654 ibid.
933 625 1031 666 pag.
1056 608 1103 651 Μ
1120 608 1152 665 .)
1178 607 1280 650 lineo
1300 607 1464 651 subdit:
1507 628 1521 646 ι
1549 608 1579 651 ΙΙ
1604 623 1679 651 sue
1714 607 1864 665 spirito
1898 609 2082 666 Aposto-

595 692 609 710 υ
640 672 720 716 lico
767 685 839 714 era
891 669 971 712 tnle
1006 668 1086 711 elie
1121 669 1218 711 Essa
1252 682 1323 712 era
1359 675 1512 724 prontn
1547 683 1570 711 ιι
1614 667 1781 711 soll'rire
1829 668 2083 739 ‹piiilunque

595 752 609 770 ι
640 738 752 775 sorta
785 730 827 774 di
863 727 1082 777 tormenti,
1120 726 1410 771 desiderando
1444 726 1487 770 di
1521 742 1662 770 essere
1695 728 1944 778 Crocctnssa,
1972 729 2081 774 dilu-

596 813 611 830 -
641 792 769 840 niatu,
807 805 919 839 arsa,
958 795 1221 832 tormentata
1256 802 1331 844 per
1352 803 1438 831 unu
1456 802 1581 830 ‹euusn
1618 786 2002 844 iulmmuogiusta.
2025 790 2082 834 La

597 871 612 890 ι
644 851 875 894 modestum
909 849 941 892 si
976 848 1124 891 el'l'rivn
1158 846 1351 891 eziumlio
1387 864 1409 891 ιι
1444 846 1612 890 soll'rire
1647 846 1734 889 lino
1759 847 1797 891 nl
1823 847 1973 903 giorno
2006 849 2075 893 del

596 931 612 949 ι
640 910 826 967 μίυάίῑίυ
862 908 1105 952 universale
1139 908 1176 951 le
1213 923 1320 965 pene
1353 907 1646 957 dell'inl'erno,
1674 922 1697 949 e
1733 907 1772 949 le
1794 907 1987 951 crudcltii
2011 909 2082 953 dei

597 992 612 1008 ι
641 970 832 1020 demoni,
871 968 1166 1012 conservando
1201 968 1239 1011 lu
1274 968 1427 1023 grazia,
1464 983 1488 1010 e
1522 967 1700 1011 l'amore
1723 966 1766 1010 di
1796 968 1876 1011 nio
1900 968 1979 1025 pe‘r
2001 984 2082 1014 una

596 1052 609 1069 ι
639 1047 750 1080 cosa,
789 1032 830 1073 in
868 1043 1084 1087 paragone
1101 1027 1144 1071 di
1168 1028 1235 1071 eui
1262 1027 1374 1072 nullu
1401 1028 1438 1071 le
1462 1028 1670 1086 appan-ivn
1696 1027 2082 1072 l'annientamento

595 1112 611 1130 ι
638 1091 682 1134 (Ιί
721 1098 826 1134 tutte
864 1090 901 1132 le
934 1104 1029 1132 cose
1067 1088 1223 1131 visibili
1233 1121 1342 1132 ......
1361 1089 1425 1131 Un
1450 1090 1601 1144 giorno
1625 1088 1664 1130 in
1690 1090 1756 1131 eui
1785 1087 1822 1131 la
1846 1088 2081 1133 medcsimu

597 1172 610 1189 .
642 1149 851 1194 trovavasi
889 1150 927 1193 in
962 1148 1159 1192 ornzionc
1193 1149 1364 1192 dinanzi
1391 1148 1429 1191 ιιΙ
1453 1148 1705 1193 santissimo
1729 1149 2023 1200 Sam-umento,
2054 1149 2080 1193 il

597 1233 611 1248 ιι
638 1227 719 1254 suo
751 1211 901 1269 spirito
937 1210 975 1253 l'u
1011 1209 1266 1252 fortemente
1299 1209 1436 1267 rapite
1472 1209 1510 1251 in
1541 1208 1637 1251 nio.
1667 1209 1764 1252 Essa
1797 1218 2083 1253 nnovnmcnte

595 1293 610 1310 n
642 1271 769 1314 vidde
801 1269 901 1329 quel
935 1286 1038 1326 gran
1076 1284 1202 1326 paese
1237 1269 1261 1311 il
1296 1269 1424 1327 quale
1457 1268 1574 1311 erale
1608 1276 1715 1311 stato
1751 1277 1956 1312 mesti-nto
1979 1303 1988 1320 ‚
2025 1270 2079 1313 ed

596 1351 612 1371 υ
642 1331 714 1373 ιι(Ιί
734 1331 803 1374 tali
840 1330 1000 1387 parole:
1038 1330 1125 1372 -lo
1161 1329 1188 1372 ti
1225 1330 1277 1372 Ιιυ
1296 1331 1400 1373 fatto
1420 1329 1579 1372 vedere
1600 1329 1625 1372 il
1644 1329 1833 1378 Canadii,
1855 1329 1893 1373 fa
1913 1328 2082 1387 d'uopo

595 1412 610 1430 ι
637 1391 716 1433 elie
751 1399 792 1433 tu
819 1391 847 1432 ti
873 1391 907 1432 ci
933 1390 1047 1433 reclii
1070 1405 1091 1432 ιι
1116 1389 1321 1432 costruire
1344 1405 1430 1433 unu
1452 1391 1559 1433 Casa
1585 1405 1607 1432 ιι
1623 1389 1753 1439 Gesii,
1775 1389 1829 1433 cd
1848 1406 1869 1433 ιι
1890 1390 2037 1434 Maria.
2053 1413 2081 1424 -

595 1472 610 1489 »
638 1452 769 1494 Come
803 1450 1054 1494 annicntuta
1092 1450 1178 1492 Ena
1201 1449 1399 1492 est-lamo:
1428 1466 1494 1492 -o
1520 1449 1605 1491 mio
1627 1466 1731 1507 gran
1760 1450 1857 1499 l)io‚
1878 1450 1947 1493 voi
1974 1458 2083 1494 tutto

596 1533 611 1550 »
639 1518 798 1567 potete,
837 1509 892 1552 ed
929 1510 967 1552 io
1003 1524 1087 1552 non
1124 1509 1246 1565 vulgo
1280 1526 1302 1552 ιι
1336 1509 1469 1559 nullm
1507 1524 1552 1550 se
1587 1508 1629 1551 vi
1654 1510 1772 1567 piace
1795 1510 1840 1553 di
1864 1511 2082 1568 pergei-mi

596 1593 611 1610 ι
640 1570 741 1620 aita,
778 1570 938 1615 eceomi
973 1585 1050 1612 son
1089 1578 1257 1626 prontn,
1294 1568 1481 1626 compito
1507 1569 1545 1611 in
1574 1584 1659 1619 me,
1686 1586 1709 1612 e
1734 1584 1811 1626 per
1833 1571 1920 1614 mio
1944 1585 2084 1614 mezzo

594 1653 609 1671 a
640 1631 677 1674 la
712 1639 855 1674 vostra
890 1629 1113 1673 adorabile
1149 1630 1383 1673 volonta.-
1416 1629 1451 1671 A
1486 1629 1611 1672 datar
1644 1628 1697 1672 da
1724 1629 1780 1673 tal
1806 1638 2027 1674 momento
2050 1630 2075 1673 il

594 1713 609 1731 »
638 1691 812 1735 Οιιιιιιὼὶ
848 1691 891 1733 l'u
926 1690 951 1733 il
987 1707 1067 1734 suo
1102 1705 1247 1747 paese.
1275 1691 1364 1734 Ella
1390 1689 1431 1733 vi
1454 1689 1662 1733 riandava
1684 1705 1857 1747 sempre
1881 1690 1993 1734 nelle
2011 1706 2087 1735 sue

595 1773 611 1791 ι»
639 1767 756 1794 corse
789 1751 1082 1809 Apostolielie‚
1107 1750 1138 1793 si
1172 1758 1403 1809 struggcva
1426 1748 1496 1794 dal
1521 1749 1741 1794 desiderio
1765 1750 1809 1794 (Ιί
1834 1750 2032 1795 fontlarvi
2058 1751 2086 1794 il

595 1836 611 1855 ι»
641 1813 788 1869 Regno
823 1812 895 1855 del
932 1828 1009 1854 suo
1042 1813 1194 1867 spese.
1226 1830 1240 1848 ι)

467 1877 541 1919 38.
579 1872 751 1919 Ardens
784 1871 1032 1917 huiusmodi
1067 1873 1226 1915 Sorvae
1260 1872 1336 1915 Dci
1371 1871 1487 1914 zelus
1510 1886 1587 1929 pro
1609 1870 1714 1915 Fide
1736 1871 1952 1916 Catliolica
1976 1871 2087 1916 inter

588 1934 796 1980 barbaras
830 1941 977 1990 gentes
1021 1931 1341 1975 disseminanda
1366 1965 1375 1982 ‚
1415 1947 1492 1975 nee
1525 1947 1612 1975 non
1662 1932 2086 1976 vehementissimum

587 1994 787 2039 Eiusdem
821 1993 1086 2037 desiderium
1122 1992 1370 2049 gravissima
1405 1992 1646 2050 supplicia,
1695 2001 1737 2035 et
1773 1994 1884 2050 ipsas
1930 1992 2084 2036 inferni

589 2069 749 2114 poenas
782 2054 834 2098 ad
872 2061 1117 2096 extremum
1144 2068 1277 2110 usque
1301 2052 1449 2096 iudicii
1473 2053 1592 2095 diem
1615 2052 1865 2110 perferendi
1890 2053 1968 2096 hac
1993 2052 2083 2110 ipsa

589 2118 643 2161 de
676 2130 815 2165 causa,
854 2114 888 2157 si
925 2129 1007 2156 non
1044 2113 1344 2157 demonstrant
1380 2112 1589 2161 vividam,
1617 2113 1918 2161 excellentem,
1945 2121 1987 2155 et
2011 2113 2086 2156 lie-

591 2177 747 2220 roicam
783 2174 951 2224 Fidem,
991 2173 1132 2216 neseio
1165 2173 1369 2231 equidem
1406 2173 1510 2230 quid
1547 2172 1666 2215 aliud
1699 2172 1859 2215 sactum
1894 2180 1937 2215 ot
1962 2188 2084 2230 argu-

591 2244 786 2280 mentum
824 2234 959 2277 valeat
998 2234 1115 2276 illam
1149 2233 1461 2282 demonstran-(³3
1490 2247 1540 2275 eo
1576 2232 1642 2275 vel
1668 2232 1805 2289 magis
1827 2232 1944 2290 quod
1968 2233 2082 2276 zelus

590 2294 839 2340 dilatandae
873 2294 992 2336 Fidei
1028 2308 1115 2350 quo
1147 2295 1308 2337 Sorvae
1342 2292 1423 2335 Dei
1458 2308 1528 2336 cor
1560 2293 1653 2335 sine
1677 2292 1994 2337 intermissione
2018 2293 2088 2337 ssa-

590 2355 731 2413 gravit
765 2369 848 2397 non
884 2353 1022 2397 extitit
1056 2362 1172 2396 certe
1206 2352 1374 2402 sterilis,
1415 2361 1455 2395 et
1491 2352 1697 2404 inel'licax,
1737 2353 1813 2396 sed
1847 2370 1870 2396 e
1904 2362 2082 2405 contra,

588 2415 755 2474 cognita
779 2414 896 2471 prius
918 2429 995 2472 per
1017 2413 1303 2456 conscientiae
1324 2429 1426 2456 suae
1460 2413 1750 2457 Moderatores
1774 2414 1851 2457 hac
1874 2415 1915 2457 in
1940 2430 1986 2456 re
2010 2430 2084 2458 vo-

592 2477 754 2520 luntate
773 2474 852 2518 Dei
879 2483 925 2517 ut
949 2474 1101 2517 Eidem
1127 2474 1295 2517 vocanti
1319 2474 1643 2530 obtemperaret
1671 2489 1756 2517 non
1782 2475 2008 2518 haesitavit
2030 2475 2087 2519 ad

592 2535 877 2580 imitationem
911 2535 1047 2579 Patris
1080 2534 1275 2577 omnium
1298 2534 1568 2578 credentium
1593 2535 1709 2578 exire
1733 2535 1790 2578 de
1815 2543 1938 2585 terra,
1967 2543 2010 2578 ct
2032 2534 2086 2579 de

589 2596 843 2655 cognatione
876 2611 965 2646 sua,
1004 2603 1048 2638 et
1085 2595 1125 2637 in
1163 2602 1319 2639 terram
1345 2595 1627 2653 longinquam
1651 2611 1693 2638 se
1716 2596 1911 2639 conferre
1939 2595 2085 2638 multis

591 2667 744 2706 terrae,
782 2656 1000 2715 marisque
1037 2655 1235 2713 periculis
1269 2656 1507 2714 superatis,
1545 2664 1586 2699 et
1620 2656 1736 2714 apud
1774 2656 2006 2714 inhospitas
2044 2664 2086 2701 et

590 2719 784 2761 ell'eratas
817 2726 963 2775 gentes
987 2715 1274 2775 quadraginta
1296 2730 1505 2760 annorum
1531 2718 1667 2774 spatio
1690 2717 1967 2767 commorari,
1991 2732 2088 2759 eun-

592 2779 667 2823 ctis
702 2779 813 2821 vitae
847 2778 1060 2835 despectis
1096 2777 1394 2827 incommodis,
1436 2777 1627 2820 toleratis
1649 2777 1879 2829 aerumnis,
1906 2777 2086 2835 quibus-

590 2853 776 2898 cumque
811 2838 963 2881 mediis
996 2838 1198 2881 humanis
1247 2838 1482 2889 destituta,
1521 2838 1651 2881 etiam
1686 2853 1738 2881 ex
1772 2838 1853 2881 illis
1885 2853 1997 2896 quae
2030 2837 2085 2881 ad

593 2900 726 2944 vitam
762 2906 858 2942 sunt
894 2898 1144 2942 necessaria.
1184 2899 1295 2942 llaec
1329 2907 1473 2943 autem
1497 2899 1646 2943 omnia
1670 2908 1710 2942 et
1733 2900 1900 2957 singula
1925 2900 2089 2957 absque

0 1105 24 1432 0220'832

0 1466 18 1492 ς

0 1525 23 1553 ss

8 1569 18 1612 ἰ

0 1645 18 1673 Ο

0 1706 20 1733 Ο

0 1767 19 1795 a

6 1827 20 1854 ὶ

5 1891 14 1911 ι

4 1951 11 1970 i

3 2011 11 2031 ι

4 2071 10 2091 o
