2624 3568
460 391 543 438 Dei
576 393 757 438 Famula
791 392 847 438 de
879 408 925 436 se
957 391 1260 452 conscriptam,
1287 392 1343 437 ab
1364 391 1558 436 eiusdem
1581 390 1670 437 mio
1693 398 1841 453 postea
1872 390 1982 452 typis

461 453 622 499 editam
657 454 951 515 subiectisque
983 453 1275 498 notationibus
1308 453 1580 505 illustratam
1619 452 1675 498 de
1707 468 1791 513 qua
1843 460 1984 498 tamen

467 515 752 575 opportunius
786 514 947 560 deinde
979 529 1122 559 sermo
1156 522 1363 560 recurret.

588 577 631 621 Ιι.
669 576 809 621 Venio
842 576 989 634 itaque
1021 575 1076 620 ad
1114 591 1352 634 processus.
1389 576 1579 632 Quaeret
1614 573 1767 634 uiiquis
1801 591 1877 619 cur
1900 582 1985 619 tres

464 637 661 685 consecti,
682 637 788 681 dum
826 652 935 681 tinus
968 635 1217 680 suffecisset.
1246 636 1472 681 Rationem
1507 636 1683 695 exponit
1718 636 1807 694 ipse
1841 637 1985 680 Postu-

462 698 572 742 lator
604 698 646 741 in
681 698 769 741 suis
792 698 846 742 ad
870 697 1304 757 Archieluscopornm
1330 698 1659 754 Quebeccnsem
1684 697 1884 755 precibus
1908 712 1985 756 pro

467 759 583 803 tertii
619 774 840 818 processus
871 759 1203 803 constructione.
1228 779 1244 797 ι
1265 759 1364 801 Cam
1400 757 1665 816 supradictus
1683 773 1892 815 processus
1922 758 1984 800 in-

464 819 714 879 formatis-us
751 819 875 877 (idest
915 819 1096 879 primus)
1133 836 1210 863 uon
1246 818 1453 863 videretur
1486 819 1587 863 satis
1621 818 1856 877 «ternplum,
1879 818 1990 861 alius

466 880 722 939 suppletis-‘us
756 880 888 939 factus
922 889 978 924 est
985 913 1197 924 .....
1228 897 1237 932 ;
1276 882 1348 939 qui
1381 897 1469 923 cam
1504 882 1651 925 iterum
1684 879 1877 923 videatur
1910 894 1989 922 non

466 942 567 985 satis
600 941 835 997 completus.
875 942 970 985 hinc
1002 941 1215 1003 efflaqitat,
1256 950 1296 984 ut
1304 974 1513 985 .....
1551 940 1607 984 ‹ut
1630 939 1805 984 altorum
1832 938 1992 998 supple-

468 1002 594 1047 tirum
628 1001 871 1045 ludendam.
914 1034 924 1045 .
966 1035 975 1045 .
1018 1035 1027 1047 .
1064 1002 1251 1045 devenire
1285 1002 1515 1060 diqnetar·
1558 1004 1700 1060 (Pi-oc.
1746 1002 1801 1045 ΙΙΙ
1852 1000 1926 1045 soi.
1963 1000 1992 1044 5

467 1071 574 1121 terg.
613 1071 655 1106 et
693 1064 762 1121 6.)
799 1064 957 1106 Eorum
1002 1063 1145 1122 itaque
1192 1062 1350 1106 iudicio
1399 1064 1473 1123 qui
1523 1076 1696 1107 causam
1732 1067 1991 1121 promovent

466 1123 631 1183 priores
661 1123 751 1167 dno
786 1139 1006 1183 processus
1039 1123 1284 1182 incomplcti
1324 1131 1366 1167 et
1414 1123 1555 1167 minus
1605 1122 1660 1167 ad
1710 1138 1801 1168 rem
1845 1121 1987 1165 idonei

465 1184 757 1228 habebantur.
793 1186 940 1241 Quare
975 1184 1108 1228 iidem
1144 1193 1269 1229 testes
1304 1184 1389 1228 iam
1426 1185 1467 1227 in
1504 1184 1550 1228 iis
1584 1184 1773 1228 examini
1810 1182 1992 1227 subiecti

466 1259 597 1303 super
619 1247 775 1290 eadem
800 1262 843 1290 re
867 1246 1160 1289 testimonium
1185 1246 1225 1289 in
1251 1245 1375 1290 tertio
1399 1245 1619 1290 dixerunt.
1660 1243 1787 1303 (Vide
1821 1246 1992 1288 Summ.

469 1306 523 1350 N.
562 1306 609 1349 ‘i‘l
654 1322 755 1366 pag.
792 1307 917 1365 3-5.)

605 1367 649 1410 5.
689 1369 744 1410 At
777 1367 889 1411 enim
926 1367 1191 1412 attendenda
1214 1367 1363 1412 scdulo
1386 1368 1533 1412 eximii
1559 1366 1794 1418 pontificis,
1815 1382 1864 1410 ac
1898 1365 2000 1409 iuris

475 1428 610 1471 nostri
645 1428 890 1486 peritissimi
925 1428 1122 1472 doctrina
1163 1438 1421 1488 «postquam
1452 1429 1565 1489 facta
1601 1436 1658 1472 est
1700 1428 1864 1471 testium
1896 1441 1999 1484 pro-

474 1488 677 1546 nialqatio
710 1496 747 1532 et
778 1498 972 1547 percepta
1004 1491 1173 1549 fuerant
1213 1490 1445 1551 testificata,
1499 1491 1643 1547 reyula
1679 1489 1785 1532 iuris
1834 1494 1915 1536 est,
1952 1494 1998 1531 ut

470 1549 552 1593 alii
587 1556 698 1593 testes
733 1551 969 1594 cmum‘nari
1004 1566 1083 1594 ποη
1119 1551 1281 1608 possint
1317 1566 1438 1608 saper
1483 1551 1630 1594 iisdem
1669 1548 1879 1595 articulis,
1925 1556 1996 1593 aut

467 1625 590 1668 super
622 1610 815 1654 articulis
849 1611 1003 1654 directe
1035 1612 1277 1662 contrat-iix
1297 1620 1348 1659 et,
1372 1612 1408 1654 si
1444 1612 1741 1658 examinentur,
1763 1609 1875 1652 nihil
1895 1624 1999 1667 pro-

472 1670 578 1715 bent.
626 1671 690 1715 Ita
724 1671 868 1715 habent
908 1680 1038 1715 textus
1076 1678 1117 1717 in
1148 1673 1253 1730 Cap.
1303 1673 1597 1716 Fraternitatis
1632 1671 1682 1714 de
1716 1678 1804 1716 test.
1863 1679 1899 1714 et
1931 1676 1999 1712 at-

470 1732 849 1776 testat.«Duxi›nus
873 1732 952 1776 tibi
975 1732 1318 1790 respondendum,
1345 1733 1455 1792 quod
1473 1734 1515 1776 in
1537 1732 1837 1792 appellationis
1855 1747 1991 1779 caasa,

478 1813 495 1832 ι
525 1792 563 1835 si
584 1808 688 1836 nova
710 1794 930 1852 contiyerit
960 1810 1161 1851 emeryere
1194 1794 1397 1852 capitula,
1417 1809 1540 1852 super
1563 1794 1709 1853 quibas
1730 1793 1875 1851 ali'qna
1895 1807 2001 1850 par-

481 1874 498 1893 »
529 1853 628 1896 tium
667 1854 849 1899 voluerit
880 1870 1005 1898 novos
1038 1862 1152 1899 testes
1186 1855 1393 1904 inducere,
1420 1855 1486 1899 vel
1502 1871 1578 1913 per
1603 1856 1687 1899 iam
1720 1862 1898 1911 receptos
1920 1852 2001 1896 ali-

481 1934 499 1953 ι
529 1914 630 1972 quid
663 1915 945 1973 comprobare,
973 1932 1035 1959 eos
1066 1915 1269 1960 credimus
1287 1932 1407 1974 posse
1428 1917 1562 1974 recipi
1585 1931 1708 1975 saper
1729 1916 1847 1959 novis
1876 1913 2003 1958 ‹lant-

479 1995 495 2015 ι
529 1984 642 2019 taxat
664 1976 904 2033 capitalis.»
927 1978 1038 2022 Cum
1070 1993 1157 2037 quo
1191 1977 1420 2022 concordat
1445 1985 1585 2022 textus
1609 1978 1653 2021 in
1677 1976 1929 2020 Clementina
1951 1976 1997 2018 2.

473 2036 525 2081 de
565 2036 746 2080 Testibas
781 2037 881 2082 ubi:
926 2059 941 2077 ι
976 2038 1157 2082 Testibus
1196 2039 1276 2083 rite
1310 2039 1482 2095 receptis
1521 2047 1558 2083 et
1590 2054 1730 2082 eorum
1766 2037 2005 2081 attestatio-

482 2118 497 2136 ,ι
531 2096 647 2140 nibus
676 2097 919 2155 publicatis,
936 2100 1040 2143 sicut
1063 2116 1140 2142 non
1174 2100 1264 2143 licet
1295 2117 1418 2158 super
1451 2100 1617 2152 eisdem,
1644 2100 1708 2142 ret
1730 2098 1885 2142 directe
1913 2114 2005 2140 con-

484 2179 501 2198 ι
535 2159 682 2201 trariis
700 2160 893 2203 articulis
915 2160 1022 2204 alios
1039 2160 1104 2203 vel
1126 2160 1279 2203 eosdem
1306 2170 1417 2204 testes
1442 2164 1484 2204 in
1504 2160 1740 2218 principali
1758 2174 1880 2202 caasa
1900 2174 2004 2216 pro-

483 2240 499 2257 »
531 2218 689 2270 (lucere,
732 2220 794 2262 sic
831 2237 910 2263 non
943 2220 1055 2264 debet
1097 2222 1137 2264 in
1176 2222 1474 2279 appellationis
1497 2238 1617 2265 caasa
1654 2221 1790 2271 licere,
1809 2236 1896 2263 cam
1918 2235 2004 2263 non

486 2299 502 2319 ι
531 2279 663 2322 minus
688 2280 731 2322 in
756 2281 1123 2338 appellatiom'lms,
1139 2299 1256 2340 quaen
1290 2284 1331 2325 in
1352 2283 1589 2340 principali
1612 2299 1733 2326 causa
1763 2281 2003 2324 subornatio

484 2361 500 2379 ι
530 2341 584 2383 sit
622 2341 804 2384 timenda
839 2364 854 2381 υ
904 2343 1153 2401 (Benedici.
1207 2345 1325 2387 xiv,
1363 2345 1439 2387 lib.
1479 2345 1530 2387 ΙΙ.
1568 2360 1605 2387 c.
1644 2343 1702 2386 53
1737 2359 1779 2385 n.
1819 2343 1914 2400 ¹10).
1954 2342 2005 2384 Et

474 2401 687 2461 optimam
711 2403 890 2460 quidem
915 2412 1062 2447 auctor
1086 2404 1271 2462 assignat
1295 2421 1465 2449 causam
1490 2424 1505 2442 ι
1531 2406 1644 2465 facta
1667 2406 1819 2462 quippe
1842 2403 2004 2446 testium

471 2462 814 2520 proonulyatae'one
840 2474 935 2521 post
969 2465 1147 2522 elapsum
1175 2467 1390 2509 terminum
1411 2466 1688 2523 probation-is,
1707 2474 1847 2523 partes
1881 2480 2008 2521 aquo-

474 2531 593 2567 scunt
635 2524 739 2581 quid
776 2541 801 2567 a
839 2525 1003 2568 testibus
1038 2526 1190 2569 dictam
1214 2528 1285 2575 sit,
1313 2526 1500 2585 nihilque
1537 2527 1709 2586 facilius
1742 2534 1853 2575 esset,
1881 2540 2002 2582 (suam

481 2584 606 2644 quod,
633 2584 827 2628 admissis
864 2586 966 2629 aliis
1005 2586 1169 2630 testibus
1190 2621 1199 2638 ,
1232 2587 1358 2630 iidem
1398 2588 1687 2631 italae-creneio·
1718 2596 1761 2631 ut
1798 2585 2001 2629 addes-ent

479 2645 544 2688 cel
578 2645 838 2689 detraherent
872 2656 998 2690 totum
1040 2648 1084 2690 id
1135 2648 1243 2706 qaod
1287 2649 1504 2706 compertis
1540 2647 1869 2693 attestationibus
1903 2650 2006 2689 alte-

480 2714 601 2750 rutra
628 2722 731 2764 pars
769 2707 929 2751 videret
974 2707 1105 2752 deesse
1145 2709 1208 2753 vel
1250 2726 1468 2767 superesse.
1499 2732 1512 2748 ι
1557 2710 1625 2755 Ad
1660 2710 1764 2754 haee
1820 2708 2004 2752 validius

480 2768 640 2811 tuenda
662 2784 711 2812 ac
736 2767 949 2813 firmanda
974 2770 1159 2827 pertinet
1177 2771 1446 2814 notissimum
1465 2787 1524 2815 sa:
1546 2787 1634 2816 me:
1650 2770 1888 2816 Alexandri
1909 2769 2001 2812 vn.

480 2830 712 2872 Decretum
748 2829 834 2874 diei
868 2831 928 2874 29
962 2832 1219 2876 Novembris
1253 2832 1352 2876 ainai
1389 2833 1508 2876 4658
1534 2867 1544 2885 ‚
1581 2833 1638 2877 de
1673 2830 2003 2891 probationibus

486 2890 529 2934 in
563 2890 710 2935 causis
745 2891 1118 2936 Beatificationum
1153 2902 1194 2937 et
1216 2893 1597 2938 canonizationem
1625 2895 1807 2938 minime
1830 2891 2004 2937 coadiu-

485 2951 655 2996 vandis.
695 2954 925 2997 Decretum
961 2954 1288 3013 comprehendit
1319 2954 1498 3014 quidem
1531 2955 1760 3000 dumtaxat
1783 2955 2010 2998 Processus
