2648 3568
651 277 715 323 24

662 372 677 392 ι
708 351 898 402 nazione,
922 350 959 394 la
993 349 1083 393 loro
1117 348 1274 408 patria,
1297 364 1321 392 e
1344 349 1383 393 la
1418 348 1507 392 loro
1540 348 1830 394 condizione?
1860 370 1874 389 ι
1904 351 1952 394 Et
1977 352 2035 396 sic
2072 353 2171 399 reli-

655 430 740 473 qua
776 410 1120 468 interrogatoria.
1160 411 1248 454 lam
1285 425 1386 453 vero
1430 411 1523 468 quis
1558 411 1600 454 in
1644 410 1890 454 huiusmodi
1937 412 2172 474 interroga-

657 474 849 517 tionibus
882 487 955 516 seu
1006 470 1211 529 quaesitis
1243 486 1266 513 a
1300 471 1652 526 Quebecensibus
1695 471 1910 516 iudicibus
1943 471 2060 517 saetis
2103 477 2170 520 vel

656 534 919 578 levissimam
955 532 1221 591 suggestivae
1253 532 1514 590 quaestionis
1547 532 1832 590 suspicionem
1858 541 1995 591 potest
2020 536 2172 580 merito

654 594 885 637 efformare
904 593 922 636 ἓ

782 655 866 699 Sed
905 653 1042 698 necin
1065 661 1282 712 postrema
1305 653 1575 709 Quebecensi
1601 653 1880 713 inquisitione
1903 655 2173 712 suggestivae

655 714 906 759 huiusmodi
940 714 1211 774 quaestiones
1244 722 1467 773 apparent,
1486 715 1544 758 uti
1582 714 1737 772 legenti
1771 715 2019 758 processum
2055 715 2177 760 inno-

659 775 804 820 tescit.·
832 777 974 819 Unum
1010 775 1233 820 dumtaxat
1269 775 1311 817 in
1346 776 1426 819 hoe
1460 777 1658 819 Processu
1695 782 1840 819 notatu
1886 775 2065 833 dignum
2117 777 2176 820 vi-

653 836 797 888 detur,
835 836 953 896 quod
991 836 1171 880 testibus
1205 835 1285 878 illis
1318 836 1391 895 qui
1429 836 1469 879 in
1504 836 1643 894 prima
1676 844 1714 879 et
1741 837 1873 879 altera
1897 835 2175 894 inquisitione

655 913 837 942 examen
872 897 1047 940 subiere
1080 895 1214 940 lectae
1249 895 1410 939 suerint
1444 897 1643 955 propriae
1676 896 1983 955 depositiones,
2010 912 2096 955 quo
2114 897 2175 942 sa·

655 967 725 1002 eto
759 957 815 1001 ita
847 964 945 1001 sunt
979 956 1243 1015 inierrogati.
1284 977 1299 995 ι
1339 957 1611 1001 Conl'ermate
1644 965 1804 1015 quarto
1836 957 1870 1000 si
1904 957 2099 1001 contiene
2133 958 2175 1001 in

660 1040 675 1057 ·
704 1027 855 1077 queste
878 1017 965 1062 due
988 1016 1284 1076 deposizioni‘?
1308 1038 1324 1057 ι
1355 1020 1496 1076 Atque
1530 1019 1610 1062 illis
1633 1016 1890 1062 affirmative
1913 1017 2175 1075 responden-

655 1079 788 1130 tibus,
808 1079 863 1123 ita
887 1078 1099 1137 prosecuti
1125 1086 1227 1122 sunt
1251 1078 1417 1124 iudices
1446 1079 1803 1138 interrogationes
1824 1094 1937 1123 suas.
1969 1098 1985 1116 ι
2007 1079 2180 1134 Quanto

661 1161 678 1179 ι
704 1141 739 1183 si
775 1141 977 1184 contiene
1012 1139 1053 1183 in
1089 1147 1242 1198 queste
1277 1139 1598 1184 testimonianze.
1631 1140 1654 1182 ὲ
1688 1156 1709 1183 a
1754 1147 1893 1184 vostra
1931 1139 2178 1196 cognizione

662 1222 678 1239 ι
706 1200 891 1244 soltanto
927 1215 1004 1257 per
1036 1200 1074 1244 la
1108 1200 1263 1243 lettura
1296 1200 1411 1244 della
1445 1201 1531 1244 vita
1565 1200 1678 1245 della
1710 1200 1843 1244 Serva
1876 1200 1918 1244 di
1956 1199 2054 1251 Dio,
2092 1215 2176 1242 ov-

662 1282 678 1300 »
707 1276 808 1304 vero
844 1260 978 1304 anche
1013 1276 1089 1319 per
1112 1275 1252 1303 mezzo
1277 1261 1389 1304 della
1425 1261 1658 1304 tradizione
1691 1261 1807 1304 orale
1838 1269 2091 1304 conservata
2133 1260 2173 1304 in

667 1343 682 1359 ι
711 1331 859 1381 questo
885 1321 1159 1366 monastero?
1180 1343 1195 1359 n
1226 1322 1409 1380 ipsaque
1434 1329 1541 1365 teste
1565 1321 1804 1365 aiiii-inante
1833 1322 1962 1364 etiam
1984 1335 2062 1378 per
2085 1337 2180 1365 ora-

658 1383 741 1426 lem
777 1382 1051 1426 traditionem
1086 1397 1134 1425 ea
1170 1398 1280 1441 quae
1314 1383 1571 1440 deposuerat
1605 1383 1879 1441 cognovisse,
1918 1381 2085 1426 ludices
2119 1382 2175 1427 ita

662 1458 807 1487 rursus
855 1457 950 1487 eam
1001 1443 1300 1501 interrogant:
1345 1464 1359 1481 a
1401 1445 1464 1487 Da
1498 1443 1613 1502 quali
1659 1458 1838 1501 persone
1889 1449 2012 1485 avete
2057 1442 2178 1486 riec-

659 1524 674 1543 ι
706 1512 804 1548 vuta
828 1511 975 1563 questa
1000 1503 1262 1547 tradizione‘?
1287 1525 1301 1541 ι
1329 1504 1487 1562 llisque
1511 1521 1533 1548 a
1559 1512 1663 1547 teste
1695 1503 1921 1549 declaratis
1944 1502 2002 1545 sie
2033 1503 2175 1545 inter-

653 1565 896 1623 rogationes
932 1564 1185 1621 procedunt.
1218 1584 1234 1602 α
1263 1565 1446 1608 Credete
1481 1565 1548 1608 voi
1582 1566 1659 1608 che
1683 1572 1829 1623 questa
1856 1563 2090 1607 tradicione
2116 1565 2176 1606 ri-

664 1647 680 1664 »
709 1626 845 1669 monti
869 1625 1076 1682 all'epoca
1111 1626 1152 1668 in
1187 1625 1253 1669 cui
1279 1626 1387 1669 visse
1421 1626 1459 1669 la
1492 1627 1625 1670 Serva
1647 1625 1690 1668 di
1723 1625 1805 1668 Dio
1831 1645 1846 1663 ι
1871 1625 2012 1683 aliqua
2038 1624 2100 1667 his
2125 1625 2177 1667 si-

656 1687 792 1729 milia.
812 1687 1069 1729 Huiusmodi
1105 1687 1461 1743 interrogationes
1494 1687 1588 1746 quis
1622 1686 1714 1729 iure
1746 1686 2008 1744 suggestivas
2041 1700 2174 1744 quae-

655 1747 814 1790 stiones
849 1746 1118 1805 appellabit?
1155 1746 1313 1790 Eadem
1341 1747 1512 1791 forsitan
1537 1746 1784 1790 huiusmodi
1809 1754 1946 1790 essent
1969 1745 2003 1788 si
2029 1761 2175 1789 exem-

653 1808 713 1867 pli
748 1807 884 1865 gratia
920 1807 1083 1850 ludices
1120 1807 1415 1851 nominassent
1450 1823 1651 1864 personas
1685 1825 1707 1852 a
1742 1807 1900 1866 quibus
1936 1813 2062 1849 testes
2093 1816 2177 1850 tra-

653 1868 864 1912 ditionem
900 1868 1152 1919 hausissent,
1192 1867 1257 1911 vel
1291 1868 1487 1912 sciscitati
1512 1868 1690 1911 fuissent
1713 1884 1767 1911 an
1794 1867 1964 1918 scirent,
2003 1868 2069 1910 vel
2093 1866 2176 1910 dici

656 1928 907 1973 audiverint
930 1930 987 1971 ab
1013 1929 1098 1981 illa,
1128 1930 1193 1972 vel
1217 1928 1299 1972 alia
1324 1943 1503 1987 persona
1527 1929 1749 1986 speeiiieos
1774 1929 1979 1972 virtutum
2009 1937 2127 1971 actus
2148 1944 2172 1971 a

654 1992 788 2035 Serva
814 1989 894 2033 Dei
918 1990 1125 2033 exercitos
1149 1999 1191 2033 at
1216 2006 1297 2032 non
1323 1998 1438 2034 certe
1462 1990 1673 2034 eiusmodi
1697 1998 1795 2034 sunt
1829 1988 2054 2033 habendae
2079 1988 2175 2032 illae

655 2051 789 2094 factae
824 2066 846 2093 a
882 2050 1100 2094 iudicibus
1133 2051 1488 2106 Quebeeensibus
1521 2066 1632 2111 (puae
1665 2068 1716 2095 eo
1752 2050 1875 2093 unice.
1918 2048 2173 2100 tendebant,

657 2112 712 2155 ad
750 2120 874 2154 testes
914 2112 1072 2155 seilicet
1122 2111 1332 2154 iuvandos
1368 2112 1408 2154 ii,
1445 2113 1530 2155 suis
1565 2111 1915 2171 responsionibus
1938 2144 1947 2160 ,
2000 2109 2175 2153 illorum

657 2172 894 2216 memoriae
928 2172 1168 2215 revocando
1192 2188 1376 2231 eaquae
1411 2180 1545 2217 tractu
1580 2173 1784 2231 temporis
1829 2171 2028 2215 excidere
2062 2170 2179 2214 sacil-

659 2234 765 2276 lime
799 2234 854 2276 ab
888 2250 938 2276 ea
972 2234 1229 2291 potuissent.
1271 2235 1411 2293 Atque
1445 2234 1511 2278 hie
1545 2250 1630 2276 non
1665 2234 1746 2277 crit
1780 2233 1855 2279 abs
1891 2247 1936 2275 re
1979 2231 2177 2274 animad-

655 2303 843 2343 vertere,
880 2293 999 2353 quod
1034 2294 1073 2337 in
1107 2310 1207 2338 casu
1244 2303 1386 2337 nostro
1422 2297 1633 2352 agebatur
1665 2294 1721 2338 de
1755 2292 1969 2338 eiusmodi
1998 2292 2177 2335 testibus

656 2355 732 2413 qui
769 2371 873 2413 prae
911 2355 1090 2398 ‹faetet-is
1134 2355 1205 2398 tali
1250 2355 1501 2399 adiumento
1544 2371 1651 2414 opus
1692 2356 1850 2398 habere
1897 2352 2174 2396 videbantur.

659 2415 793 2460 Sicuti
828 2415 944 2458 enim
982 2416 1021 2458 in
1057 2416 1166 2459 (licta
1202 2416 1375 2474 regione
1410 2416 1667 2466 Canadensi,
1706 2425 1744 2459 et
1781 2415 1954 2458 civitate
1996 2414 2179 2469 Quebe—

656 2477 774 2521 censi
812 2477 1000 2534 primum
1040 2485 1139 2520 tunc
1181 2477 1321 2535 aliqua
1366 2478 1586 2536 inquisitio
1635 2478 1712 2520 hae
1750 2478 1935 2534 desuper
1978 2489 2021 2517 re
2068 2474 2176 2517 l'acta

657 2546 737 2588 est,
777 2538 848 2589 ita,
886 2546 928 2581 et
963 2538 1101 2595 prima
1137 2538 1229 2581 viee
1263 2537 1362 2582 dieti
1399 2546 1525 2583 testes
1564 2539 1617 2582 ad
1662 2553 1843 2581 examen
1892 2537 2061 2579 fuerunt
2105 2550 2175 2577 vo-

656 2599 756 2649 cati,
784 2599 901 2642 unde
936 2599 1069 2658 magis
1102 2614 1233 2657 (piam
1270 2599 1339 2643 alii
1372 2598 1535 2643 eisdem
1570 2599 1842 2643 examinibus
1875 2597 2046 2647 assueti,
2069 2595 2173 2639 dieti

658 2660 929 2703 Canadenses
965 2668 1089 2703 testes
1121 2660 1267 2718 aliquo
1302 2660 1456 2718 potiori
1491 2661 1665 2705 auxilio.
1712 2668 1755 2703 et
1796 2661 1918 2719 quasi
1960 2656 2174 2701 manudu-

657 2721 801 2764 ctione
835 2736 946 2779 opus
981 2721 1217 2764 habebant.
1255 2721 1365 2780 Ergo
1399 2737 1453 2764 ex
1487 2722 1564 2765 hoe
1596 2736 1770 2780 quoque
1794 2721 1933 2779 eapite
1966 2717 2179 2763 evanescit

658 2783 772 2826 dieta
806 2782 1053 2826 Adversarii
1091 2782 1224 2826 nostri
1259 2782 1489 2841 oppositio.

784 2844 859 2886 33.
894 2843 1048 2899 Quoad
1082 2843 1315 2903 Regulares
1350 2858 1452 2886 vero
1484 2843 1603 2903 quod
1638 2842 1801 2902 absque
1834 2843 2027 2902 legitima
2052 2839 2177 2884 venia

659 2905 834 2955 iurasse,
873 2913 1002 2963 atque
1035 2919 1217 2948 examen
1252 2904 1436 2948 subiisse
1457 2905 1677 2949 contendit
1699 2905 2036 2948 Animadversor
2060 2916 2177 2961 egre-

2610 2416 2648 2538 't—uo
2626 1991 2648 2383 rau—uu-w-urnffl

2626 2598 2648 2931 Ἀόῌθ-ἨΕ
