2624 3616
2079 330 2137 377 43

655 405 918 464 iqua-mate,
954 419 978 448 e
1011 401 1132 463 quivi
1167 417 1339 461 passas-e
1374 419 1456 449 una
1488 403 1632 449 buoni,⁴
1667 408 1792 464 parte
1823 402 1892 448 del
1933 401 2083 463 giorno
2116 423 2141 450 a

654 477 671 505 ὸ
697 480 953 510 conversare
984 480 1062 509 con
1097 464 1225 507 Dio..
1264 465 1308 508 ln
1342 465 1535 509 oratione
1570 479 1671 508 vero
1705 465 1798 523 lpsa
1832 464 1889 508 ita
1924 464 1965 508 in
1996 466 2139 510 Deum

649 541 724 570 suo
757 526 912 584 spiritu
949 524 1195 583 rapiebatur
1241 533 1286 568 ut
1330 524 1489 569 nedum
1522 524 1747 583 Seraphini
1795 523 1981 583 speciem
2025 525 2139 569 inter

650 586 861 630 orandum
894 585 1147 636 exhiberet,
1189 599 1336 627 verum
1369 585 1497 629 etiam
1532 587 1669 642 gravi,
1707 594 1750 629 et
1784 584 1970 629 violenta
2001 601 2139 645 quan-

651 647 794 705 doque
826 661 932 703 opus
963 653 1073 689 esset
1105 645 1384 688 concussione
1425 645 1478 688 ad
1512 646 1614 688 Eam
1649 646 1702 690 ad
1745 661 1891 690 sensus
1935 658 2142 689 revocan-

645 707 746 750 dam
780 705 950 764 (Testis
983 706 1017 748 ll
1060 707 1230 751 Summ.
1267 721 1366 763 pag.
1400 706 1495 766 70).
1538 726 1553 744 ι
1578 706 1768 750 Sei-ente
1809 705 2020 750 avveniva
2057 721 2139 750 una

654 786 669 805 ι
696 767 838 825 specie
870 765 912 809 di
948 764 1304 824 trasligurazione‘*
1326 765 1394 808 nei
1427 765 1519 808 suoi
1552 765 1814 816 lineamenti,
1852 767 1890 809 la
1913 767 2012 824 qual
2044 782 2141 810 msa

656 846 673 864 ι
701 827 740 870 le
770 827 882 871 dava
917 825 1186 885 l'apparenza
1210 825 1253 869 di
1277 842 1360 869 una
1397 841 1576 884 persona
1598 825 1735 884 rapita
1760 826 1802 868 in
1826 827 1968 869 estasi.
1993 828 2142 882 Quan-

655 906 671 924 ι
700 886 756 930 do
790 888 889 930 Essa
922 894 1040 930 stava
1085 886 1128 929 in
1163 886 1359 929 orazione
1406 885 1588 944 ispirava
1622 886 1646 929 l'
1668 886 1764 929 idea
1797 886 1841 929 (Ιί
1891 901 1946 928 un
1984 886 2143 931 Seu-afi-

657 965 673 984 ·
703 962 757 990 no
776 980 786 998 ,
827 962 852 990 e
876 946 900 988 Γ
920 947 1064 990 anima
1097 962 1172 989 sua
1209 962 1280 990 era
1316 946 1519 990 talmente
1547 954 1707 990 asserta
1743 946 1784 989 in
1811 945 1893 989 Dio
1925 945 2001 989 che
2030 961 2134 989 eran

653 1025 670 1044 n
699 1006 936 1050 necessarie
956 1006 1070 1050 delle
1094 1006 1190 1050 [orti
1214 1022 1351 1050 seosse
1372 1006 1485 1050 onde
1504 1006 1707 1051 renderla
1728 1005 1939 1050 avvertita
1962 1005 2029 1049 del
2056 1005 2141 1049 line

657 1085 674 1104 ι
701 1066 814 1110 della
849 1066 1172 1110 Meditazione.·
1211 1068 1270 1109 Ex
1302 1083 1388 1126 qua
1422 1067 1572 1111 intima
1605 1067 1704 1111 Eius
1736 1082 1835 1111 cum
1859 1067 1951 1109 Deo
1982 1066 2141 1109 unione

649 1125 847 1170 divinum
872 1127 977 1185 quid
1002 1128 1043 1171 in
1081 1127 1198 1171 lllius
1230 1127 1433 1185 adspectu
1458 1127 1619 1172 reflecti
1659 1127 1890 1171 videbatur
1928 1125 2084 1185 (Testis
2107 1128 2142 1169 ll

652 1187 822 1231 Summ.
860 1187 1009 1247 ibid.).
1054 1208 1069 1226 ι
1098 1190 1180 1231 Era
1213 1188 1251 1231 la
1276 1187 1510 1232 medesima
1533 1187 1578 1232 di
1604 1203 1659 1230 un
1685 1187 1829 1231 indole
1853 1185 2092 1244 piac-evole,
2123 1203 2149 1230 e

655 1266 671 1284 ι
699 1256 982 1306 quantunque
1015 1248 1043 1291 il
1076 1248 1339 1292 sentimento
1370 1247 1559 1292 ahituale
1595 1247 1708 1291 della
1749 1262 1950 1306 presenza
1983 1246 2025 1290 di
2064 1246 2146 1290 Dio

660 1326 677 1345 ι
703 1307 997 1352 comunicasse
1042 1308 1279 1352 all'intiera
1312 1324 1386 1352 sua
1420 1324 1601 1366 persona
1634 1308 1816 1367 qualche
1860 1323 1955 1351 cosa
1988 1306 2031 1350 di
2080 1322 2148 1350 ce-

659 1385 675 1403 ·
704 1367 824 1418 leste,
863 1383 946 1410 non
981 1368 1088 1425 pero
1110 1384 1184 1411 era
1219 1384 1345 1412 meno
1368 1368 1555 1413 amabile
1590 1368 1658 1412 nol
1690 1384 1768 1413 suo
1793 1374 1938 1419 tratto,
1957 1375 2139 1419 coi-testi,

662 1445 678 1463 ι
705 1441 729 1469 e
762 1426 1008 1471 disiiivolta.
1046 1428 1090 1471 L’
1110 1428 1269 1471 unione
1300 1430 1499 1473 continua
1531 1430 1609 1473 che
1642 1430 1730 1473 Ella
1778 1442 1911 1472 aveva
1944 1443 2022 1471 con
2058 1427 2143 1471 Dio

661 1505 676 1523 ι
704 1486 881 1530 destava
913 1487 1248 1538 ammiratione,
1283 1488 1316 1530 si
1353 1488 1517 1533 vedeva
1552 1487 1757 1533 riflettere
1800 1488 1910 1532 nella
1943 1503 2016 1531 sua
2052 1487 2149 1530 liso-

663 1565 679 1583 ·
711 1548 857 1591 nomia
890 1562 947 1590 un
980 1563 1066 1591 non
1098 1564 1145 1592 so
1178 1547 1255 1591 che
1288 1548 1332 1592 di
1366 1549 1526 1593 Divino
1558 1549 1634 1593 che
1658 1548 1846 1593 eccitava
1881 1547 2054 1606 rispctto
2077 1580 2088 1599 ,
2125 1562 2152 1590 e

662 1626 679 1643 ι
709 1607 1038 1652 venerazione..

534 1667 609 1709 2'4.
648 1666 735 1711 lam
770 1684 874 1712 vero
908 1668 1127 1712 assiduum
1170 1676 1214 1711 et
1249 1668 1611 1713 ferventissimum
1645 1667 1849 1713 orationis
1881 1666 2071 1712 studium
2108 1667 2150 1711 in

655 1730 787 1773 Serva
823 1728 935 1780 Dei,
973 1728 1126 1773 intima
1161 1728 1230 1773 illa
1263 1738 1302 1772 et
1337 1729 1567 1774 habitualis
1614 1730 1677 1774 sui
1710 1729 1888 1788 spiritus
1922 1729 2021 1772 unio
2055 1743 2151 1771 cum

656 1790 750 1832 Deo
781 1789 887 1848 quid
920 1790 1037 1834 aliud
1070 1805 1232 1849 quaeso
1265 1790 1533 1848 portendunt
1563 1790 1671 1850 quid
1705 1790 2000 1835 demonstrant
2033 1789 2154 1832 aliud

660 1849 736 1892 nisi
770 1850 1025 1901 maximam,
1060 1859 1102 1894 et
1137 1851 1352 1895 heroicam
1386 1851 1536 1895 Fidem
1570 1851 1667 1910 quis
1698 1851 1815 1895 enim
1850 1850 2013 1908 ignorat
2047 1849 2154 1893 illud

659 1910 854 1968 Apostoli
890 1910 1058 1954 Pauli-
1079 1910 1369 1956 Accedentem
1404 1912 1458 1955 ad
1494 1914 1632 1955 Deum
1669 1911 1919 1970 (praecipue
1957 1924 2035 1967 per
2055 1925 2153 1953 ora-

659 1970 843 2031 tionem)
877 1978 1047 2029 oportet
1078 1971 1258 2015 credere
1289 1973 1391 2030 quia
1425 1981 1505 2024 est,
1541 1980 1583 2015 et
1615 1971 1733 2031 quod
1767 1970 2086 2029 inquirentibus
2110 1985 2157 2012 se

659 2039 960 2074 remunerator
990 2032 1130 2075 est-2
1162 2032 1269 2076 llinc
1288 2033 1420 2078 Card.
1443 2032 1500 2077 de
1523 2032 1711 2077 Lauraea
1733 2040 1816 2075 art.
1841 2032 1885 2074 9.
1914 2044 2036 2074 num.
2067 2029 2158 2072 495

614 2087 625 2093 ⁸
658 2091 762 2135 haec
792 2091 897 2135 scite
928 2092 1249 2136 animadvertit.
1270 2113 1287 2132 α
1317 2092 1528 2137 Maximae
1558 2091 1684 2137 Fidei
1715 2093 1887 2150 signum
1911 2099 1991 2141 est,
2017 2090 2158 2133 maxi-

659 2165 727 2193 ma
750 2160 792 2195 et
816 2166 903 2194 non
927 2166 1091 2195 cessans
1114 2149 1251 2195 orati*
1273 2153 1374 2212 quia
1407 2153 1595 2197 maxime
1625 2153 1818 2197 creditur
1848 2153 1988 2194 Deum
2011 2165 2154 2207 posse,

661 2219 702 2253 et
730 2211 840 2255 velle
875 2212 1280 2272 exaudire.=Atque
1303 2211 1554 2257 huiusmodi
1578 2228 1679 2256 suae
1701 2211 1947 2257 assertionis
1971 2210 2159 2254 roddens

660 2271 753 2328 lpse
787 2272 997 2315 rationem
1032 2273 1137 2316 haec
1168 2272 1383 2317 subnectit
1411 2293 1429 2312 ι
1451 2273 1551 2331 quia
1586 2272 1691 2316 fides
1713 2273 1886 2317 heroica
1909 2285 2005 2315 cum
2040 2270 2160 2314 dono

661 2331 928 2388 sapientiae,
962 2340 1003 2375 et
1037 2332 1225 2391 impulsu
1272 2342 1402 2392 atque
1437 2333 1605 2378 istinctu
1650 2333 1800 2378 divino
1830 2332 1991 2383 dictat,
2026 2339 2160 2389 atque

665 2390 838 2434 inclinat
872 2391 928 2436 ad
960 2391 1232 2450 frequentem
1253 2426 1264 2444 ,
1301 2394 1580 2438 incessantem
1603 2426 1615 2446 ,
1651 2403 1694 2438 et
1727 2393 1963 2437 ferventem
1998 2389 2162 2435 oratio-

663 2465 812 2494 nem.»
837 2452 914 2496 Cui
941 2453 1133 2510 prolecto
1155 2453 1374 2498 doctrinae
1397 2454 1602 2498 amussim
1626 2454 1858 2498 concordat
1881 2452 2011 2498 Card.
2033 2454 2157 2495 Bona

662 2510 737 2570 qui
772 2512 813 2554 in
847 2527 978 2570 opere
1012 2513 1232 2572 inscripto,
1262 2534 1278 2553 e
1303 2514 1518 2573 Principia
1543 2516 1654 2558 vitae
1684 2514 1949 2560 Christianae
1969 2520 2081 2572 part.
2109 2512 2156 2555 ’1.

663 2587 761 2629 cap.
796 2573 872 2616 48.
911 2588 1009 2631 pag.
1046 2574 1123 2618 44.
1159 2574 1219 2618 ibi
1243 2574 1343 2620 haec
1365 2585 1610 2635 opportune
1634 2575 1688 2619 ad
1711 2590 1801 2619 rem
1825 2573 2161 2618 adnotat.-·Ba-

665 2632 720 2675 sis
742 2633 949 2676 orationis
970 2634 1079 2678 tides
1099 2635 1195 2678 viva
1219 2643 1299 2687 est,
1314 2644 1357 2680 et
1380 2636 1620 2694 praesentia
1646 2637 1742 2687 Dei,
1768 2635 1984 2694 siquidem
2013 2635 2158 2677 Deum

664 2707 757 2736 esse
791 2693 1005 2737 orandum
1046 2695 1102 2739 ad
1136 2696 1347 2741 beneficia
1384 2696 1443 2741 ab
1464 2697 1557 2756 lpso
1586 2696 1833 2755 accipienda
1867 2694 1976 2739 fides
2008 2699 2160 2752 aperte

665 2752 789 2798 docet
824 2754 941 2798 iuxta
973 2756 1127 2800 Christi
1164 2757 1496 2814 promissionem
1529 2758 1655 2802 Marci
1692 2758 1766 2801 Μ.
1798 2778 1815 2796 c
1842 2756 1990 2800 omnia
2020 2768 2157 2813 quae·-

666 2829 852 2873 cumque
884 2825 1053 2860 orantes
1088 2817 1248 2874 petitis,
1283 2817 1445 2861 credite
1477 2818 1580 2878 quia
1614 2817 1848 2877 accipietis,
1882 2825 1924 2861 et
1956 2813 2161 2860 evenient

667 2875 791 2918 vobis
820 2896 836 2914 ι
866 2876 945 2920 hoc
978 2876 1118 2935 posito
1164 2877 1196 2921 si
1237 2879 1367 2923 Serva
1405 2878 1480 2922 Dei
1515 2887 1560 2922 ut.
1599 2894 1651 2922 ex
1688 2878 1936 2939 praemiss²s
1964 2880 2161 2925 constat,

667 2936 849 2980 orationi
875 2936 1029 2996 iugiter
1051 2938 1119 2982 vel
1154 2938 1212 2982 ab
1247 2938 1427 2984 infantia
1460 2939 1642 2992 vacavit,
1678 2940 1809 2999 idque
1832 2937 2047 2998 praestitit
2069 2948 2160 2979 non
