2656 3600
684 297 712 339 8

684 370 744 413 105
792 367 1193 416 disseminandam,
1243 377 1280 411 et
1330 368 1468 425 magis
1516 367 1925 411 constabiliendam.
1964 369 2202 427 Eapropter

684 428 928 474 huiusmodi
966 427 1257 471 testimonium
1294 437 1335 471 et
1368 428 1542 487 plurimi
1588 429 1831 473 laciendum
1865 436 1956 477 est,
1995 439 2033 471 01
2080 430 2207 474 indu-

683 492 876 534 bitanter
908 488 1177 532 demonstrat
1201 498 1361 547 quanta
1385 490 1626 533 Sam-litatis
1650 490 1858 548 opinione
1882 489 2044 532 Eadem
2077 492 2207 534 Soror

684 550 815 594 Maria
852 549 906 591 ab
940 550 1240 593 lnearnat-ione
1273 565 1525 608 supremum
1563 551 1676 594 diem
1714 551 1928 593 clauserit.

815 610 888 652 43.
925 610 1010 654 Sed
1045 611 1150 668 quid
1188 619 1349 653 tantuin
1386 611 1594 654 adlaboro
1628 612 1681 656 ad
1717 611 2069 654 demostrandam
2106 613 2208 655 San-

684 670 842 714 ctitatis
877 672 1052 714 Famam
1077 672 1209 715 relate
1233 671 1284 714 ad
1310 674 1488 716 Sei-vam
1529 672 1605 715 Dei
1634 688 1717 730 qua
1744 672 1926 729 ipsamet
1952 671 2019 713 vel
2052 687 2076 713 a
2111 688 2206 730 pre-

686 732 790 775 tioso
825 747 899 775 suo
933 732 1053 775 obitu
1090 732 1224 790 potita
1260 733 1422 790 ubique
1457 741 1516 775 est
1551 748 1647 776 eum
1684 740 1812 775 testes
1837 733 1875 774 in
1900 740 2105 790 promptu
2125 734 2206 776 sint

684 793 757 851 qui
792 791 848 836 de
881 794 943 850 Ea·
970 793 1062 836 sine
1096 794 1279 850 ambage
1316 793 1607 836 testimonium
1643 793 1798 838 ferant.
1826 792 2066 836 Audiamus
2099 794 2205 850 quid

687 854 761 897 hac
786 854 829 896 in
850 868 895 896 re
913 854 1101 910 deponat
1124 854 1264 896 Testis
1292 855 1362 896 Vi.
1398 875 1412 891 α
1435 854 1554 910 Negti
1580 854 1717 897 ultimi
1745 861 1949 897 trentatre
1975 852 2073 895 anni
2098 853 2210 897 della

693 935 708 952 ι
734 930 809 957 500
832 914 931 964 vita,
952 913 1061 972 (ipsa
1080 914 1177 971 ait,)
1203 914 1241 956 la
1261 916 1393 959 Serva
1412 914 1456 956 di
1480 915 1562 957 Dio
1576 915 1751 973 godette
1771 915 1807 957 la
1824 914 1948 956 stima
1968 914 2207 958 universale

693 995 706 1012 n
737 974 807 1017 dei
828 975 997 1031 grandi,
1013 973 1117 1017 edei
1135 974 1301 1032 0100011,
1320 974 1435 1033 degli
1456 976 1749 1025 licclesiastiei,
1773 991 1795 1017 0-
1813 975 1882 1019 (101
1899 974 2089 1017 seeolari.
2108 975 2208 1032 Spe-

693 1054 708 1074 »
735 1035 964 1077 cialmente
998 1035 1066 1078 all’
1086 1051 1218 1094 epoca
1246 1035 1357 1078 della
1384 1051 1459 1079 sua
1493 1045 1633 1079 morte
1655 1037 1688 1079 si
1721 1036 1896 1079 viddero
1932 1033 2207 1078 manifestare

693 1116 707 1134 ι
738 1096 778 1138 10
815 1110 891 1138 suo
924 1096 1070 1138 'lavore
1103 1104 1254 1154 queste
1288 1096 1480 1140 unanimi
1518 1097 1858 1140 testimonianze.
1896 1096 1954 1137 Le
2000 1095 2210 1152 Religiose

694 1177 710 1196 ι
737 1156 856 1200 della
890 1165 1032 1199 nostra
1066 1158 1171 1200 Casa
1209 1157 1525 1214 riguardawano
1559 1166 1709 1215 questa
1746 1164 1880 1199 morte
1914 1170 2037 1198 come
2070 1157 2211 1213 quella

694 1238 710 1255 n
738 1217 781 1260 di
822 1231 905 1260 una
938 1220 1097 1267 Beata,
1135 1233 1159 1260 e
1195 1217 1252 1259 fin
1285 1217 1468 1261 d’allora
1503 1217 1541 1260 le
1576 1218 1813 1261 medesime
1855 1217 1997 1260 secero
2041 1223 2211 1260 eantare

695 1297 710 1315 ι
740 1293 795 1320 00
828 1277 880 1318 Te
898 1278 1024 1320 Deum
1051 1278 1237 1320 annuale
1260 1279 1327 1321 nel
1351 1279 1505 1336 giorno
1529 1277 1947 1327 (lell'anniversario,
1976 1298 1990 1314 n
2017 1285 2058 1319 01
2084 1277 2211 1334 00010

691 1347 784 1396 post
817 1338 919 1381 haec
952 1338 1114 1382 subdit:
1154 1359 1169 1376 α
1195 1340 1363 1382 Cotesta
1398 1339 1552 1382 intima
1586 1339 1863 1383 eonvinzione
1902 1338 2017 1381 della
2057 1337 2212 1381 felicita

695 1418 710 1437 ι
739 1398 853 1442 (10110
887 1399 1015 1456 quale
1049 1400 1146 1442 Essa
1169 1399 1351 1457 godeva,
1383 1400 1422 1441 io
1444 1415 1592 1456 penso,
1615 1401 1692 1444 che
1717 1401 1759 1442 in
1784 1399 1882 1456 ogni
1910 1407 2056 1455 tempo
2080 1398 2212 1441 abbia

695 1480 711 1497 a
738 1460 881 1517 spinto
915 1458 952 1502 10
987 1460 1218 1519 Religiose,
1247 1475 1268 1502 e
1303 1461 1341 1503 le
1378 1460 1538 1503 alunne
1573 1461 1624 1504 ad
1663 1460 1877 1504 invocarla
1901 1458 2213 1502 abitualmente

693 1540 709 1558 n
738 1519 853 1564 nella
885 1520 1089 1579 Cappella
1122 1520 1193 1565 dei
1228 1520 1361 1571 Santi,
1402 1520 1456 1563 ed
1490 1521 1655 1565 altrove
1689 1537 1781 1564 esse
1816 1522 1853 1564 le
1891 1519 2214 1563 dimandavano

693 1599 710 1620 ι
740 1581 1045 1624 istantemente
1078 1582 1193 1625 delle
1227 1582 1365 1639 grazie
1405 1582 1617 1639 spirituali
1653 1583 1730 1626 che
1781 1596 1972 1624 vennero
2020 1595 2215 1623 concesse

697 1662 712 1679 »
742 1658 764 1684 a
799 1642 996 1699 pareeelli
1033 1642 1101 1685 dal
1139 1642 1304 1700 pietoso
1345 1642 1469 1686 lddio
1496 1677 1506 1695 ,
1546 1643 1768 1687 mediante
1803 1643 1838 1685 la
1887 1657 1962 1685 sua
2013 1641 2214 1684 interces-

697 1722 712 1740 »
741 1703 864 1745 sione
898 1702 1034 1761 (1).»

814 1762 889 1804 44.
927 1763 1049 1806 Hisce.
1083 1763 1246 1821 positis,
1276 1764 1389 1807 dieat
1414 1764 1701 1808 Adversarius
1726 1762 2135 1822 praestantissimus,
2165 1776 2214 1804 an

690 1838 768 1881 pro
806 1823 1001 1872 veritate,
1041 1833 1081 1867 et
1115 1840 1168 1868 ex
1206 1825 1348 1867 animo
1383 1823 1597 1869 affirmare
1629 1826 1725 1883 quis
1760 1834 1914 1883 posset,
1952 1823 2051 1867 dolo
2088 1823 2212 1872 malo,

691 1885 760 1927 vel
794 1883 944 1927 saltem
981 1885 1189 1942 culpabili
1227 1885 1487 1943 negligentia
1521 1887 1684 1945 primos
1720 1885 1986 1929 Auctoritate
2025 1883 2217 1927 Ordina-

693 1945 754 1988 ria
789 1947 1016 1988 Processns
1051 1945 1219 1990 tamdiu
1253 1946 1381 1990 tuisse
1414 1946 1584 1996 dilatos,
1612 1947 1751 1990 donee
1776 1954 1899 1990 testes
1922 1945 1972 1988 de
1996 1945 2085 1987 visu
2114 1944 2215 1987 nulli

692 2015 963 2065 superessent
988 2006 1006 2049 ἓ

817 2066 890 2108 15.
929 2068 1017 2110 1100
1050 2068 1243 2125 profecto
1276 2069 1482 2125 suspicari
1517 2069 1611 2128 quis
1646 2068 1801 2112 merito
1836 2068 2043 2125 potuisset
2075 2066 2108 2108 si
2152 2066 2219 2108 vel

695 2128 826 2170 Fama
860 2127 1099 2171 Sanctitatis
1133 2129 1269 2171 relate
1302 2129 1353 2171 ad
1390 2130 1568 2173 Servam
1603 2130 1682 2173 Dei
1718 2131 1917 2173 Sororem
1960 2127 2139 2171 Mariam
2165 2127 2219 2169 ab

694 2187 993 2232 incarnatione
1029 2198 1168 2239 tanta,
1208 2197 1384 2247 tamque
1419 2190 1542 2234 firma
1577 2198 1617 2232 et
1649 2189 1900 2233 universalis
1946 2203 2029 2231 non
2058 2188 2219 2231 extitis-

694 2257 756 2292 set
791 2249 988 2307 proxima
1023 2266 1046 2292 a
1082 2250 1269 2308 pretioso
1303 2251 1402 2294 Eius
1435 2251 1558 2294 obitu
1594 2259 1747 2302 aetate3
1785 2251 1850 2293 vel
1884 2250 2015 2293 etiam
2051 2246 2218 2307 511000-

695 2310 818 2360 00111,
856 2318 897 2353 01
930 2310 1108 2368 (fuidem
1145 2310 1321 2368 pietate,
1360 2312 1574 2362 doctrina,
1612 2311 1874 2355 discretione
1907 2309 2106 2367 spiritus,
2144 2323 2219 2365 per

699 2370 742 2413 id
778 2380 986 2427 temporis
1021 2388 1102 2415 non
1140 2374 1198 2414 ita
1233 2372 1345 2414 bene
1379 2372 1434 2415 de
1458 2373 1575 2416 111105
1599 2372 1847 2422 virtutibus,
1870 2369 2214 2418 charismatibus,

696 2439 736 2474 et
771 2432 899 2488 gestis
931 2433 1108 2476 sensisse
1142 2432 1413 2476 videmfntur.
1444 2435 1603 2477 Verum
1629 2449 1681 2476 ex
1706 2433 1843 2484 dictis,
1873 2432 2023 2474 salsum
2056 2438 2219 2473 utrum-

696 2507 780 2550 que
817 2500 949 2549 patet.
987 2494 1117 2537 Fama
1168 2509 1355 2552 namque
1400 2495 1641 2539 Sanctitatis
1692 2494 1827 2552 lpsius
1875 2508 1987 2551 quae
2036 2491 2221 2535 maxima

699 2552 783 2595 iam
819 2561 908 2596 erat
945 2563 1137 2612 tempore
1173 2556 1237 2598 sui
1273 2556 1433 2607 obitus,
1473 2564 1623 2613 utpote
1656 2555 1885 2598 virtutihus
1921 2553 2142 2601 Eiusdem,
2180 2560 2221 2593 et

698 2614 894 2671 supernis
927 2616 1259 2659 charismatibus
1294 2616 1441 2660 innixa
1465 2617 1520 2659 ab
1543 2633 1592 2660 ea
1616 2623 1755 2660 aetate
1781 2616 1888 2658 vires
1921 2628 2095 2671 semper
2128 2627 2218 2654 ma—

700 2674 812 2718 iores
847 2676 1089 2734 acquisivit,
1115 2686 1158 2721 et
1193 2676 1366 2720 altiores
1391 2678 1431 2720 in
1458 2677 1552 2721 dies
1577 2677 1663 2735 egit
1686 2676 1866 2720 radices.
1895 2677 2122 2718 Praeterea
2149 2688 2220 2715 ne-

699 2735 803 2778 dum
843 2751 968 2780 nemo
1005 2737 1113 2781 ullus
1148 2739 1351 2781 inventus
1385 2746 1449 2781 est.
1481 2739 1555 2797 qui
1592 2739 1657 2781 vel
1703 2739 1741 2781 in
1778 2737 1885 2781 vivis
1916 2736 2057 2780 adhuc
2091 2735 2221 2778 Serva

696 2797 777 2840 Dei
813 2796 1018 2855 degente,
1049 2800 1112 2842 vel
1149 2799 1311 2843 Eadem
1346 2800 1431 2843 iam
1468 2798 1611 2843 funeta
1646 2800 1731 2842 vita
1767 2799 1955 2857 aliquem
1984 2798 2024 2840 in
2053 2796 2126 2839 llla
2150 2795 2223 2839 de-

825 2919 890 2978 (l)
923 2921 1076 2965 Smmn.
1112 2937 1214 2979 paq.
1255 2921 1341 2965 462
1376 2921 1434 2981 §S
1468 2922 1631 2965 74-77.
