2616 3568
1988 268 2038 313 81

550 365 566 384 ι
595 344 672 389 che
698 343 869 387 intorno
892 358 915 385 a
934 340 1006 384 Lei
1024 339 1279 384 avvcniva.»
1299 340 1345 382 Et
1367 346 1461 396 post
1485 338 1654 399 aliaque
1682 339 1879 384 intimam
1898 342 2058 386 Sorvae

545 406 625 450 Dei
651 404 857 449 unionem
881 416 978 446 cum
1003 402 1097 460 lpso
1123 402 1214 444 Deo
1238 399 1394 442 invicte
1413 399 1728 453 demonstrant,
1757 401 1814 445 ita
1851 402 2054 461 prosequi

546 474 615 510 ω,-
639 466 995 510 testis;.Sovente
1018 478 1120 505 eran
1144 460 1200 505 da
1220 460 1289 503 Lei
1328 467 1493 518 passate
1529 460 1641 505 delle
1662 463 1861 520 gion-nate
1899 462 2055 507 intierc

553 548 569 566 ι
599 528 640 571 in
678 542 762 570 una
795 523 989 568 scuderia
1013 523 1051 566 la
1069 522 1195 581 quale
1216 521 1386 564 set-viva
1405 521 1449 564 di
1471 536 1739 580 magazzenm
1756 524 1838 567 ella
1862 523 1956 567 dice
1978 524 2058 568 che

549 607 568 627 ι
598 588 637 631 la
669 587 754 632 Sua
788 584 1054 642 Compagnia
1087 581 1303 626 ordinaria
1327 597 1399 625 era
1420 581 1464 625 di
1489 582 1723 628 cai-rettieri
1748 618 1757 635 ,
1784 584 1827 628 di
1863 584 2061 637 succliini,

553 668 570 687 ι
597 647 653 691 ed
677 646 811 691 anche
830 645 875 688 di
891 645 1040 689 cavalli
1060 643 1104 688 di
1123 643 1188 687 cui
1212 642 1450 686 conveniva
1474 644 1551 686 che
1575 645 1662 688 Ella
1689 645 1921 704 prendesse
1943 662 2062 689 cura.

553 729 570 748 ι
597 708 792 752 Talvolta
827 707 865 749 la
901 713 1018 749 notte
1050 721 1124 748 era
1144 703 1189 747 di
1223 704 1291 762 gia
1325 712 1545 754 avanzata,
1568 704 1621 747 cd
1658 706 1753 749 Essa
1787 721 1861 749 era
1899 706 2060 750 veduta

553 789 569 808 »
598 784 745 828 presso
771 768 799 811 il
825 775 946 825 prato
972 774 1129 809 tuttora
1162 773 1365 822 occupata
1391 765 1458 808 nel
1486 765 1572 808 sare
1595 766 1782 809 caricare
1807 783 1830 810 e
1853 768 2066 811 scaricare

554 850 571 869 ι
597 829 711 875 delle
746 827 1002 872 mcrcanzie..
1032 828 1089 870 La
1112 841 1233 870 serva
1257 826 1301 869 di
1329 825 1410 868 Dio
1443 826 1730 884 occupandosi
1765 826 1808 869 di
1845 836 1956 870 tutto
2000 828 2066 872 cio

553 911 568 929 ι
599 908 622 934 a
647 890 810 934 motivo
828 888 874 932 di
892 888 1037 937 carita,
1055 903 1138 931 non
1159 902 1211 930 ne
1233 887 1391 930 veniva
1412 886 1622 937 diso-aum
1645 888 1757 945 negli
1782 888 1935 931 eecessi
1953 887 2068 932 della

555 973 572 992 ι
601 951 725 995 fatica
749 950 781 993 si
807 949 1024 1007 rivolgeva
1057 949 1096 991 al
1130 964 1205 990 suo
1239 947 1387 991 divino
1421 948 1601 1007 Refugio
1625 965 1702 992 con
1729 949 1988 992 sentimento
2022 948 2068 993 di

555 1033 570 1051 ι
602 1010 772 1062 tiducia,
795 1010 850 1053 cd
885 1025 975 1052 esso
1010 1009 1047 1052 le
1083 1008 1271 1052 rendeva
1295 1016 1404 1051 tutte
1438 1009 1476 1051 le
1509 1025 1604 1053 cose
1642 1010 1822 1068 agevoli.
1845 1011 1889 1052 ln
1926 1024 2070 1053 mezzo

555 1093 571 1112 ι
602 1090 624 1116 a
660 1072 755 1115 tutti
789 1070 938 1114 cotesti
973 1068 1200 1112 inibat-azzi
1224 1069 1453 1112 sennbrava
1477 1069 1553 1112 elie.
1579 1072 1707 1115 nessa
1730 1070 1762 1113 si
1799 1079 1986 1114 trovasse
2022 1070 2064 1114 in

556 1154 573 1174 ι
602 1148 744 1177 mezzo
766 1130 821 1175 ad
849 1147 904 1174 un
929 1129 1318 1180 descrt‹›‚l'unione
1341 1129 1417 1173 che
1444 1145 1577 1173 aveva
1599 1147 1677 1174 con
1704 1131 1786 1174 Dio
1812 1132 1849 1175 la
1875 1131 2064 1175 rendeva

556 1214 572 1233 ι
601 1194 761 1252 giuliva
784 1192 838 1235 ed
864 1192 967 1235 ilare
999 1209 1021 1235 a
1058 1191 1115 1234 tal
1137 1206 1266 1247 segne
1300 1190 1378 1234 elic
1410 1191 1629 1234 sarebbcsi
1654 1191 1830 1235 creduto
1863 1192 1940 1235 elic
1980 1192 2071 1235 Elia

557 1276 573 1294 ι
603 1253 880 1312 travagliasse
914 1268 990 1310 per
1013 1252 1305 1295 inclinazionc.
1335 1252 1391 1294 La
1414 1254 1548 1295 Serva
1572 1251 1615 1295 di
1642 1253 1724 1295 Dio
1759 1252 1867 1296 nelle
1904 1268 2071 1295 meino-

558 1336 573 1354 »
604 1316 664 1358 rie
698 1316 773 1359 clic
798 1313 880 1357 clla
905 1313 1055 1356 scrisse
1081 1313 1121 1356 in
1156 1328 1361 1371 appresso
1395 1312 1491 1356 dice
1526 1314 1565 1356 io
1599 1328 1735 1371 veggo
1768 1314 1846 1357 clue
1882 1315 1980 1357 tutti
2015 1313 2073 1371 gli

558 1397 573 1415 ι
602 1377 725 1424 Stati,
747 1390 916 1435 pruove
949 1390 973 1416 e
1007 1373 1202 1430 travagli‚
1224 1390 1249 1417 e
1283 1373 1533 1417 finalmente
1559 1382 1669 1418 tutto
1687 1374 1751 1418 cii)
1774 1375 1852 1418 clue
1875 1389 2073 1419 avvenne

557 1459 571 1475 u
603 1438 642 1481 in
677 1453 772 1480 casa
796 1435 867 1479 ‹lel
894 1435 980 1477 mio
1004 1434 1170 1478 fratello
1194 1452 1216 1477 a
1242 1434 1329 1477 mio
1355 1434 1575 1492 riguardo‚
1604 1451 1675 1479 era
1700 1452 1756 1479 un
1786 1436 2072 1494 disposizione

557 1519 573 1537 ι
604 1513 682 1557 per
717 1495 939 1541 l'ormarmi
965 1511 1040 1553 pcr
1064 1496 1090 1538 il
1115 1495 1307 1539 Canada.
1330 1496 1491 1551 Questo
1526 1496 1566 1539 lu
1601 1496 1628 1540 il
1661 1497 1748 1540 mio
1772 1497 1992 1541 Noviziato
2015 1496 2072 1540 da

558 1580 573 1597 a
605 1559 670 1602 cui
707 1573 791 1601 non
825 1564 992 1599 ostante
1026 1572 1111 1599 non
1147 1556 1263 1599 sortii
1301 1556 1481 1614 perl'ct-ta
1507 1572 1574 1600 ma
1600 1558 1781 1601 tuttavia
1807 1575 1883 1617 per
1915 1557 2077 1602 miseri·

559 1642 574 1658 ι·
602 1618 745 1663 cordia
769 1618 814 1661 di
842 1618 924 1660 Dio
948 1617 988 1659 in
1015 1617 1140 1659 istato
1165 1617 1248 1660 tale
1267 1616 1322 1660 da
1343 1626 1466 1674 poter
1486 1626 1737 1675 sopportare
1760 1619 1816 1675 gli
1849 1619 2029 1676 iinpacci
2052 1634 2075 1661 e

560 1702 576 1719 ι
609 1681 647 1723 le
671 1679 825 1723 laticlie
848 1678 919 1721 dcl
944 1678 1118 1721 Cwiadii
1143 1677 1226 1736 (l).
1250 1699 1264 1714 »ι
1296 1677 1490 1721 Profecto
1514 1678 1547 1721 si
1575 1678 1783 1736 prolixam
1816 1679 2067 1723 huiusmodi

552 1740 841 1785 narrationem
869 1746 1031 1781 attente
1054 1737 1303 1795 perlegisset
1329 1738 1610 1781 Adversarius
1633 1740 1830 1798 egregius
1858 1757 1879 1783 a
1904 1756 1978 1783 sua
2003 1740 2076 1783 illa

551 1799 943 1846 Animadversionc
977 1798 1248 1842 abstinuisset
1283 1799 1401 1857 (μιίει,
1438 1800 1590 1842 eadem
1626 1809 1747 1844 extra
1772 1816 1946 1844 omnem
1973 1817 2076 1845 con-

553 1862 806 1906 troversiam
842 1860 962 1903 sicuti
998 1860 1124 1903 nobis
1158 1860 1354 1917 apprime
1379 1860 1600 1903 favorabili
1642 1861 1697 1905 ita
1736 1861 1816 1904 sibi
1853 1862 1931 1920 ipsi
1970 1879 2077 1921 qua-

554 1938 791 1984 queversus
824 1921 1051 1964 contraria.
1077 1922 1164 1963 lloe
1183 1936 1370 1979 nomque
1393 1936 1445 1963 ex
1466 1929 1551 1964 tota
1575 1921 1642 1964 illa
1667 1922 1914 1966 narratione
1948 1939 2076 1981 aper-

558 1993 598 2028 te
623 1981 1080 2032 deducitur‚vidclieet
1105 1981 1186 2025 Dei
1211 1982 1434 2025 Famulam
1459 1997 1648 2025 sororem
1669 1984 1845 2027 Mariam
1865 1985 1922 2027 ab
1943 1985 2081 2028 incar-

555 2045 730 2088 natione
765 2051 877 2093 utut,
915 2052 1055 2086 secuta
1082 2042 1161 2085 viri
1183 2043 1245 2086 sui
1273 2052 1410 2086 morte
1434 2042 1598 2086 mundo
1624 2044 1863 2088 valedicere
1897 2044 2080 2088 lin-miter

555 2106 814 2150 decrevisset.
848 2112 887 2147 ct
925 2104 1044 2147 unice
1081 2106 1171 2146 Deo
1206 2104 1412 2147 inservire
1447 2112 1638 2147 attamen
1662 2105 1870 2149 charitate
1899 2122 2076 2165 quoque

556 2182 656 2226 erga
689 2166 939 2225 proximum
975 2165 1233 2223 fragrantem
1272 2165 1504 2223 praecipue
1540 2180 1639 2209 vero
1674 2182 1774 2223 erga
1814 2166 2074 2211 domesticos

557 2229 673 2272 iuxta
709 2228 840 2285 ipsius
874 2225 1087 2270 charitatis
1121 2225 1317 2269 ordinem
1354 2227 1499 2269 relicta
1534 2242 1663 2286 quam
1705 2228 1894 2285 elegerat
1927 2228 2079 2272 solitu-

556 2290 663 2333 dine
696 2287 939 2346 supradicta
960 2296 1043 2330 tam
1070 2286 1191 2344 gravi
1213 2288 1333 2330 oneri
1359 2303 1449 2330 sese
1472 2288 1703 2332 subiecisse
1720 2289 2083 2349 quandoquidem

557 2351 611 2394 ad
647 2350 725 2393 hoc
762 2357 807 2392 ιιῑ
840 2348 1008 2397 sedulo,
1046 2357 1087 2390 ct
1124 2347 1308 2391 fideliter
1343 2357 1402 2392 tot
1438 2357 1614 2407 tamque
1647 2349 1827 2393 diversis
1851 2367 1898 2393 ae
1920 2349 2085 2394 difficit-

557 2411 670 2455 limis
706 2409 889 2469 negotiis
925 2418 1093 2453 vacaret
1118 2426 1195 2453 nee
1218 2411 1399 2453 brevem
1434 2410 1603 2469 corpori
1641 2412 1835 2470 requiem
1872 2421 2085 2456 nocturno

558 2482 757 2530 tempore
789 2469 1026 2514 concedere
1058 2471 1324 2530 quandoque
1359 2480 1514 2530 posset.
1542 2472 1669 2527 Quod
1693 2473 1873 2531 quidem
1902 2473 2084 2517 charita-

556 2534 609 2578 tis
642 2549 750 2591 opus
785 2542 871 2576 tam
907 2531 1092 2575 arduum
1127 2548 1258 2591 quam
1297 2534 1388 2576 Deo
1421 2540 1591 2591 gratum
1628 2534 1816 2577 extiterit
1853 2535 1917 2577 vel
1939 2550 1993 2578 ex
2028 2550 2081 2576 eo

556 2595 770 2653 conjicere
805 2593 902 2636 licet
934 2593 1051 2651 quod
1086 2593 1128 2636 in
1167 2595 1309 2636 medio
1345 2601 1405 2636 tot
1430 2593 1790 2642 vicissitudinum,
1827 2603 1869 2638 ct
1905 2595 2088 2639 munda-

564 2671 720 2700 narum
755 2670 905 2699 rerum
931 2654 1211 2713 occupatione
1236 2655 1333 2698 Eius
1368 2669 1492 2698 meus
1513 2670 1537 2698 a
1560 2656 1927 2714 contemplatione
1958 2659 2087 2701 Sum-

556 2719 616 2761 mi
651 2716 774 2767 Boni,
812 2715 925 2759 illius
951 2716 1207 2759 Divinorum
1236 2716 1553 2760 ultributorum
1575 2717 1790 2776 paulisper
1812 2718 1970 2762 diverti
1996 2733 2090 2776 pcr-

556 2796 654 2823 raro
688 2777 893 2835 exemplo
941 2790 1163 2836 nunquam
1200 2778 1403 2835 potuerit.
1440 2777 1569 2833 Quod
1605 2794 1731 2837 porro
1764 2779 1979 2837 singulare
2003 2777 2083 2823 Dei

682 2899 749 2960 (l)
782 2898 937 2942 Summ.
974 2914 1073 2956 paq.
1111 2899 1188 2946 94,
1224 2899 1284 2942 95
1319 2898 1394 2959 gg.
1433 2900 1599 2944 22-33.

1003 2988 1005 2991 ·
1788 2977 1806 3019 l
1818 2976 1835 3019 ’1
