2616 3584
586 251 647 295 90

597 347 612 363 ι
645 332 781 374 tenza,
818 339 842 367 e
874 323 928 367 ad
964 323 1204 367 ineat-icarsi
1238 324 1310 368 del
1346 341 1422 369 suo
1457 324 1574 381 figlio
1609 323 1694 383 (l),
1737 345 1752 363 ι
1813 325 1862 368 Et
1906 324 2115 383 quoniam

596 402 710 445 quae
745 402 768 429 a
803 386 893 428 Dco
927 392 1040 433 sunt.
1079 384 1226 442 gravia
1264 393 1306 429 ut
1343 386 1579 444 plurimum
1616 384 1837 429 obstacula
1874 386 2112 443 patiuntur,

594 448 688 505 lpso
723 446 781 489 ita
816 444 1096 503 permittente
1130 447 1223 490 Deo
1257 446 1312 490 ad
1337 447 1541 490 virtutem
1567 447 1781 490 bonorum
1805 446 2111 498 exercendam,

594 505 866 552 excitandam
918 504 1047 548 fidem
1072 540 1081 556 ‚
1120 506 1498 566 humilitatemque
1542 507 1773 551 fovendam
1799 541 1808 558 ,
1847 506 1945 549 liinc
1984 506 2117 550 etiam

592 569 723 614 Soror
756 566 886 610 Maria
920 567 976 610 ab
1011 568 1307 612 lucarnatione
1340 568 1476 612 multa
1510 576 1550 610 et
1585 569 1730 625 gravia
1769 583 1891 627 passa
1935 574 1998 610 cst
2031 582 2109 610 an-

593 637 767 687 tequam
793 643 967 686 compos
993 628 1076 671 voti
1097 627 1217 672 lieret
1241 629 1359 688 quod
1384 630 1440 673 ita
1475 629 1625 673 cadem
1651 629 1765 673 testis
1799 636 1984 672 enarrat.
2011 647 2028 666 ι
2060 629 2117 672 La

598 710 614 730 ι
640 690 773 734 Serva
814 688 858 731 di
900 689 983 732 Dio
1026 688 1202 732 som-iva
1246 691 1380 734 sti-ani
1423 690 1772 734 combattimcnti
1818 688 1886 733 nel
1931 703 2116 746 pensare

597 772 611 789 ·
640 751 716 794 che
750 749 839 793 Etta
872 750 1067 795 avrebbe
1110 750 1273 794 ‹lovuto
1313 751 1488 794 lasciarc
1527 750 1552 794 il
1597 766 1674 794 suo
1714 750 1847 807 [iglio.
1884 750 1915 793 ll
1954 752 2113 793 Demo·

597 833 612 850 ι
639 811 729 860 nio,
768 810 795 853 il
829 810 985 854 Mundo
1024 811 1062 854 la
1108 820 1258 855 natura
1301 812 1333 855 si
1368 812 1590 855 riunirono
1635 827 1712 868 pei·
1744 810 1848 854 dare
1883 810 2032 854 assaltu
2074 811 2112 854 al

602 895 616 911 n
645 888 720 916 suo
753 887 897 914 cuore.
925 871 1017 914 Etta
1047 871 1219 915 som-iva
1244 872 1604 930 priucipalmcnte
1636 871 1749 915 delle
1788 871 1938 929 grandi
1975 879 2113 915 tenta-

601 954 616 972 »
644 932 752 975 zioni
787 939 937 974 contro
972 932 1010 974 la
1044 934 1221 990 povcrta
1256 950 1278 976 a
1325 933 1487 976 motivo
1523 933 1636 976 della
1679 933 1856 990 penuria
1884 932 1924 975 in
1960 931 2026 975 cui
2053 930 2114 975 la-

597 1014 612 1032 ·
640 993 780 1037 sciava
815 992 841 1035 il
875 1008 952 1035 suo
990 991 1119 1050 liglio.
1157 994 1248 1036 Non
1283 1002 1450 1037 ostante
1485 994 1572 1037 Etta
1606 994 1640 1036 si
1676 994 1815 1037 decise
1850 993 1934 1052 (2).
1961 1014 1974 1030 ι

715 1053 820 1096 444.
858 1054 992 1096 l‘orro
1016 1054 1120 1097 liaec
1143 1070 1255 1113 quae
1281 1056 1338 1098 ita
1362 1062 1509 1098 exacte
1532 1072 1579 1098 ac
1602 1054 1799 1112 specifice
1824 1063 1964 1097 narrat
1992 1055 2108 1097 testis

593 1115 648 1159 de
677 1117 839 1160 Sorvae
877 1114 959 1157 Dei
997 1115 1216 1158 vocatione
1239 1116 1294 1159 ad
1321 1115 1579 1173 Religiosam
1626 1116 1955 1164 Pei-lectionem,
1976 1122 2110 1172 atque

591 1176 823 1221 obstaculis
857 1191 935 1233 pro
969 1175 1058 1218 eius
1092 1177 1345 1220 executione
1380 1176 1655 1233 interpositi&
1679 1177 1736 1219 ab
1777 1178 1920 1234 anue
1950 1175 2112 1218 invicto

592 1237 738 1281 animo
772 1235 985 1294 sup-cratis
1018 1237 1104 1279 duo
1129 1238 1362 1296 praecipue
1385 1237 1605 1287 evincunt,
1634 1238 1773 1295 ipsam
1800 1251 1950 1279 revera
1975 1254 1997 1279 a
2026 1237 2117 1279 Deo

589 1298 643 1342 ad
680 1298 803 1340 illum
838 1304 997 1340 statum
1031 1307 1225 1341 vocatam
1272 1298 1429 1348 l'uisse,
1468 1307 1598 1356 atquc
1646 1298 1823 1355 insuper
1871 1298 2117 1340 lnstitutum

589 1358 708 1418 quod
743 1365 886 1401 secuta
921 1365 963 1400 et
996 1358 1237 1417 amplexata
1273 1366 1336 1402 cst
1369 1358 1533 1402 debere
1551 1375 1642 1402 esse
1669 1361 1758 1402 Deo
1778 1359 1833 1401 ita
1859 1358 2117 1415 disponente

590 1419 696 1463 ittud
736 1419 961 1462 Ursulinae
995 1419 1219 1470 Familiae,
1252 1428 1486 1478 utrumque
1519 1420 1681 1464 etenim
1716 1428 1866 1478 aperte
1900 1418 2119 1462 declarant

594 1488 684 1524 tum
721 1480 885 1538 singula
921 1495 1066 1523 reruni
1117 1482 1319 1526 adiuncta
1365 1497 1465 1524 mox
1514 1491 1740 1531 enarrata,
1778 1488 1869 1523 tum
1921 1495 2116 1523 assensus

596 1541 823 1600 praestitus
847 1559 869 1585 a
893 1540 1164 1585 confessario
1186 1558 1262 1585 suo
1285 1550 1327 1585 ct
1351 1542 1618 1586 Moderatorc
1647 1541 1833 1601 Spiritus
1855 1543 2014 1586 Sci-vae
2040 1539 2121 1583 Dei

594 1618 674 1662 pro
706 1602 821 1646 dicto
856 1602 1053 1645 lnstituto
1086 1603 1391 1661 amplectendo
1426 1603 1523 1646 licet
1555 1603 1797 1647 contrariae
1846 1602 1888 1645 in
1931 1610 2119 1644 aiitcces-

590 1678 684 1706 sum
720 1663 945 1706 vidcrctur
979 1664 1217 1707 sententiae
1251 1664 1395 1723 quoad
1448 1663 1632 1706 lnstituti
1681 1662 1952 1707 electionem.
1990 1660 2120 1718 Quod

592 1724 625 1767 si
664 1723 909 1766 Moderator
942 1723 1125 1781 Spiritus
1159 1726 1320 1768 Set-vae
1366 1724 1444 1767 noi
1485 1724 1609 1781 plene
1664 1740 1716 1767 ex
1760 1723 1884 1767 (lictis
1919 1723 2121 1781 probavit.

591 1784 817 1828 consilium
853 1784 1072 1841 praefatae
1105 1785 1273 1829 Sui-oris
1309 1785 1464 1828 Mariae
1497 1785 1552 1828 ab
1586 1784 1886 1828 incarnatione
1929 1783 2118 1827 derelin-

591 1845 752 1904 quendi
789 1845 1024 1891 sacculum.
1052 1861 1099 1888 ac
1133 1862 1208 1902 per
1241 1860 1507 1904 consequens
1542 1846 1674 1889 ctiam
1710 1846 1843 1890 lilium
1882 1852 1922 1887 ut
1960 1845 2001 1887 in
2040 1846 2125 1887 lle-

594 1906 740 1964 ligiusa
778 1906 1074 1949 Ursulinarum
1109 1906 1288 1950 Familia
1327 1908 1419 1949 Deo
1455 1906 1648 1950 intimius
1698 1923 1787 1950 sese
1821 1905 2119 1963 coniungeret,

593 1967 741 2027 ibique
759 1967 887 2010 ctiam
923 1967 1219 2025 proximorum
1255 1967 1382 2011 saluti
1419 1967 1656 2025 impensius
1683 1975 1870 2018 vacaret,
1893 1966 1925 2009 si
1951 1973 2124 2025 practer

595 2044 711 2079 euni,
741 2029 887 2086 plures
920 2028 992 2071 alii
1018 2029 1200 2084 insignes
1233 2029 1408 2087 pictate,
1436 2029 1648 2079 ‹luctu-ina,
1674 2029 1896 2086 dignitate,
1935 2027 2032 2078 viri,
2062 2025 2123 2070 uti

592 2098 688 2134 sunt
725 2089 934 2147 Superior
966 2090 1186 2133 Generalis
1221 2089 1480 2133 Foliantium
1517 2089 1612 2147 (des
1647 2090 1900 2147 Fevillauts)
1942 2088 2118 2131 Arcliic-

591 2152 792 2210 piscopus
828 2150 930 2200 Dot,
970 2158 1009 2192 ct
1046 2151 1400 2209 Arcliiepiscnpus
1449 2151 1714 2193 Turonensis
1763 2151 1836 2210 qui
1887 2164 2037 2193 omnes
2082 2155 2125 2190 el.

592 2212 803 2271 Spiritum
837 2215 997 2257 Sci-vae
1034 2211 1110 2254 nei
1147 2211 1467 2269 probaverant,
1507 2220 1548 2255 ct
1583 2213 1687 2254 Eam
1724 2212 1763 2255 in
1799 2228 1875 2255 suo
1909 2209 2087 2253 consilio
2108 2242 2116 2258 ,

593 2279 635 2316 ct
670 2273 890 2332 proposito
925 2272 1192 2330 Religiosum
1228 2281 1384 2315 statum
1437 2273 1727 2331 aiitiplectendi
1775 2272 2085 2316 confirmarunt,
2110 2304 2119 2319 ,

594 2349 755 2393 quaeso
789 2334 884 2394 quis
919 2334 1078 2392 poterit
1112 2334 1266 2377 mci-ito
1300 2333 1504 2378 dubitare
1527 2334 1582 2377 (lc
1610 2334 1852 2377 sinceritate
1877 2330 2123 2375 huiusmodi

597 2395 831 2439 vocationis
864 2404 907 2438 et
940 2396 1036 2454 quis
1073 2395 1231 2439 idcirco
1269 2396 1358 2438 ium-
1395 2395 1553 2453 poterit
1588 2396 1726 2453 lpsain
1773 2395 1852 2438 Dei
1898 2393 2124 2436 Famulam

594 2456 934 2515 reprehendere,
958 2457 1073 2515 quod
1100 2458 1239 2500 Deum
1269 2465 1494 2500 vocantem
1520 2465 1662 2500 secuta
1686 2457 1754 2508 sit,
1775 2456 1828 2500 ad
1854 2454 1968 2515 qunil
1996 2469 2125 2512 porro

596 2517 909 2576 assequendum
947 2533 1118 2561 neccsse
1154 2519 1198 2561 Ei
1235 2518 1315 2561 luit
1351 2526 1573 2576 pate-naui
1610 2517 1812 2569 domuin,
1842 2516 2123 2575 propinquos,

595 2587 634 2621 et
685 2579 825 2637 ipsam
870 2594 1044 2638 (pioque
1087 2578 1221 2622 fitium
1267 2579 1611 2637 derelinquere?
1647 2581 1730 2622 Aut
1766 2579 1861 2637 quis
1910 2593 1933 2618 e
1976 2584 2125 2619 contra

598 2640 779 2684 summis
800 2656 882 2683 non
904 2640 1082 2683 extottvt
1106 2640 1307 2684 laudibus
1326 2641 1554 2684 mutierem
1577 2640 1694 2682 lllani
1723 2655 1821 2683 vcre
1842 2640 1993 2683 snt-tem
2012 2650 2126 2693 quae

597 2717 680 2744 non
718 2701 950 2759 respiciens
972 2716 1143 2745 carnem
1181 2711 1252 2744 aut
1286 2701 1557 2759 sanguinem,
1587 2701 1673 2744 imo
1700 2702 1761 2745 vel
1790 2701 1930 2759 ipsum
1967 2705 2127 2741 mater-

720 2823 786 2884 (l)
822 2823 974 2866 summ.
1009 2838 1110 2881 pay.
1152 2825 1211 2866 ‘28
1235 2848 1263 2855 -
1281 2824 1357 2866 29.
1386 2821 1445 2883 SS
1473 2822 1695 2866 195-206.

722 2886 789 2944 (2)
824 2885 958 2927 Summ
992 2900 1092 2942 puy.
1129 2885 1189 2928 ⁶29
1221 2885 1249 2945 S
1289 2886 1396 2927 207.
