2632 3552
595 232 658 275 40

601 324 618 344 ι
647 317 723 346 sue
755 301 925 345 sorelle.
965 299 1113 343 Anehe
1148 299 1243 356 oggi
1279 298 1316 342 la
1352 298 1506 341 lettura
1538 298 1651 342 della
1685 314 1761 343 sua
1797 300 1883 345 vita
1928 305 2120 361 produce

604 385 620 404 ι
651 379 736 407 una
771 360 981 420 profonda
1015 358 1296 417 impressione
1331 374 1378 402 su
1415 366 1522 402 tutta
1556 358 1595 402 la
1629 359 1859 404 Comunita
1895 360 2008 422 (1).»

721 424 795 465 66.
835 422 964 464 Porro
987 419 1021 463 si
1043 420 1147 464 baec
1172 434 1256 462 non
1283 420 1466 477 probant
1489 420 1667 462 Famam
1691 420 1935 465 Sanctitatis
1962 425 2122 470 Sorvae

595 484 679 529 Dei
714 482 879 527 Sororis
913 481 1069 524 Mariae
1093 481 1149 523 ab
1173 480 1483 530 lucarnatioue.
1505 494 1690 538 eamque
1712 489 1996 535 constantem,
2023 486 2119 529 uni-

597 542 844 589 versalem,
896 549 938 584 et
971 556 1024 584 ex
1059 540 1238 583 heroicis
1277 540 1375 583 Eius
1409 540 1641 584 virtutibus
1687 540 1930 586 derivatam
1979 545 2121 589 nescio

596 602 819 663 quodnam
854 601 972 645 aliud
1008 600 1318 651 testimonium,
1357 600 1424 644 vel
1458 609 1764 659 argumentum
1800 602 1879 646 hoe
1903 602 1994 661 ipso
2015 621 2116 649 con·

596 663 843 709 eludentius
877 662 1009 720 possit
1043 661 1201 705 afferri.

719 725 795 767 68.
815 723 943 778 Quod
963 729 1105 766 autem
1131 721 1297 779 oggerit
1322 722 1659 765 Animadversor
1681 722 1985 767 solertissimus
2005 725 2123 783 quod

595 783 773 829 alterius
806 784 1031 827 Processus
1066 791 1194 826 testes
1228 781 1333 825 idest
1368 782 1570 826 Moniales
1603 797 1716 841 quae
1750 781 1793 825 in
1838 799 1890 826 eo
1939 798 2124 829 examen

596 845 846 895 subierunt,
884 859 933 887 ea
965 859 1051 902 qua
1084 849 1302 900 praestant
1337 843 1597 901 ingenuitate
1629 843 1808 902 paginas
1843 859 1891 887 ae
1925 843 2014 889 loca
2036 845 2122 889 sin-

596 906 697 964 gula
732 904 922 962 punctim
959 903 1164 955 indicant,
1203 919 1255 947 ex
1287 919 1390 961 quo,
1429 911 1473 945 ut
1503 903 1593 961 ipse
1617 903 1691 956 ait,
1712 902 1844 947 datur
1868 903 2026 948 inferre
2049 921 2125 950 eur

597 966 728 1009 etiam
763 964 830 1008 hic
863 963 970 1007 alter
1002 965 1228 1007 Processus
1249 965 1305 1007 ab
1330 963 1422 1021 ipso
1444 965 1606 1008 Causae
1629 963 1896 1007 Postulatore
1919 980 1999 1007 non
2022 967 2122 1009 satis

598 1024 820 1082 completus
854 1024 1015 1068 Ιιιιὸιίιιε
1050 1024 1121 1072 sih·
1156 1024 1277 1067 cuius
1310 1024 1488 1082 quidem
1524 1024 1670 1067 asserti
1706 1024 1769 1068 sui
1804 1024 1948 1068 reddit
1981 1027 2122 1069 ratio-

599 1100 700 1129 nem
734 1084 897 1135 dicens,
934 1084 1051 1143 quod
1088 1084 1219 1135 lama,
1257 1101 1343 1128 non
1378 1101 1430 1128 ex
1465 1085 1600 1135 libris,
1639 1084 1716 1128 sed
1749 1099 1801 1127 ex
1836 1085 2015 1130 testibus
2047 1103 2126 1145 po-

599 1146 689 1205 puli
725 1145 976 1203 opinionem
1013 1145 1301 1189 referentibus
1335 1144 1675 1188 demonstranda
1709 1153 1786 1195 est,
1825 1145 1906 1189 hoc
1947 1145 2123 1205 inquam

598 1206 778 1250 minime
811 1204 936 1249 officit
969 1206 1112 1249 dictae
1146 1208 1304 1249 Famae
1337 1205 1577 1250 Sanctitatis
1611 1207 1770 1250 Servae
1806 1205 1889 1249 Dei
1922 1207 2019 1250 satis
2056 1222 2127 1251 su-

598 1281 766 1325 perque
801 1266 1022 1323 probatae.
1076 1265 1222 1309 Primo
1271 1281 1459 1325 namque
1507 1282 1560 1309 ex
1606 1281 1657 1309 eo
1700 1266 1819 1324 quod
1863 1265 2003 1311 dictae
2047 1283 2122 1311 sex

599 1334 727 1371 testes
761 1325 817 1369 ad
853 1325 984 1368 vitam
1019 1342 1042 1369 a
1076 1325 1164 1368 lilio
1198 1326 1362 1369 editam
1398 1326 1440 1369 in
1474 1327 1559 1371 suis
1594 1326 1941 1383 depositionibus
1974 1343 2018 1370 se
2052 1344 2127 1372 re-

600 1387 758 1438 serant,
796 1386 875 1429 hec
908 1402 992 1429 non
1030 1386 1216 1444 impedit
1248 1387 1483 1444 quominus
1517 1403 1567 1431 ea
1602 1387 1697 1445 ipsa
1730 1402 1843 1445 quae
1876 1395 2053 1431 narrant
2075 1404 2129 1432 ex

598 1446 706 1491 orali
739 1461 913 1504 quoque
947 1446 1176 1490 traditione
1211 1447 1431 1490 seniorum
1466 1463 1551 1491 non
1586 1446 1844 1505 acceperint,
1884 1447 1998 1499 licet,
2022 1457 2127 1507 puto

597 1523 694 1566 ego,
733 1508 790 1552 ad
824 1508 1124 1551 auctoritatem
1161 1508 1372 1551 maiorem
1397 1508 1482 1551 suis
1504 1508 1786 1552 relationibus
1808 1507 2126 1553 conciliandam

597 1569 668 1612 vel
703 1567 1004 1626 biographiam
1039 1568 1171 1611 citant
1203 1583 1227 1610 a
1260 1568 1347 1611 tilio
1380 1570 1538 1613 Sorvae
1572 1568 1655 1613 Dei
1689 1577 1927 1618 exaratam,
1965 1570 2033 1613 vel
2064 1569 2127 1612 vi-

599 1637 667 1673 tae
700 1627 1009 1685 compendium
1045 1646 1068 1673 a
1100 1630 1148 1672 P.
1186 1628 1444 1672 Cl1a1·levoix
1478 1630 1520 1671 in
1554 1630 1694 1673 lucem
1720 1628 1908 1672 editum.
1937 1630 2025 1673 lloo
2048 1646 2122 1673 au-

600 1698 689 1733 tem
725 1689 833 1732 adeo
867 1704 1018 1732 verum
1053 1698 1131 1739 est,
1169 1697 1214 1733 ut
1251 1689 1317 1732 vel
1352 1689 1443 1747 ipsa
1477 1689 1594 1733 testis
1627 1690 1686 1734 vVI
1717 1689 1839 1734 cuius
1869 1704 1969 1733 mox
1995 1691 2127 1734 verba

599 1750 642 1793 in
679 1749 876 1793 medium
910 1750 1074 1806 prot-uli
1097 1783 1106 1801 ‚
1150 1765 1349 1808 quaeque
1398 1765 1484 1792 non
1519 1758 1607 1794 tam
1643 1749 1685 1793 in
1729 1750 1872 1808 primo
1910 1752 2127 1803 *Processu

599 1809 903 1860 informativo,
944 1826 1074 1868 quam
1109 1810 1151 1852 in
1186 1809 1321 1853 altero
1362 1810 1608 1867 suppletivo
1643 1818 1792 1868 rogata
1815 1810 1897 1853 fuit
1920 1827 2006 1854 non
2034 1820 2130 1855 tan-

600 1879 692 1915 tum
726 1886 770 1914 se
803 1870 931 1913 refert
963 1871 1018 1914 ad
1052 1870 1356 1929 biographiam
1390 1872 1549 1916 Sorvae
1582 1870 1662 1914 Dei
1699 1871 1766 1914 vel
1800 1872 1857 1914 ab
1891 1871 1992 1914 Eius
2018 1871 2125 1922 filio,

601 1933 669 1975 vel
704 1948 727 1974 a
762 1933 807 1973 P.
845 1931 1101 1976 Charlevoix
1139 1931 1443 1989 conscriptam,
1481 1932 1556 1975 sed
1590 1931 1738 1982 etiam,
1777 1940 1820 1974 et
1857 1932 2126 1989 potissimum

600 1992 655 2036 ad
694 1992 968 2035 traditionem
1004 1994 1184 2036 oralem.
1222 1993 1343 2036 Iuvat
1377 1992 1443 2035 hie
1476 2000 1674 2049 repetere
1707 2008 1758 2037 ea
1791 2007 1903 2050 quae
1927 1992 2129 2050 deposuit

600 2068 700 2096 eum
736 2052 817 2095 l'uit
853 2053 1112 2111 interrogata
1147 2053 1202 2096 (le
1236 2069 1310 2096 sua
1346 2053 1550 2110 opinione
1583 2053 1727 2111 quoad
1761 2053 1940 2096 Famam
1963 2053 2129 2097 Sancti-

602 2113 715 2163 tatis,
754 2121 795 2155 et
829 2113 1019 2156 heroicas
1053 2115 1212 2158 Servae
1246 2113 1327 2156 Dei
1361 2114 1557 2157 virtutes.
1584 2115 1699 2157 Haeo
1734 2113 1879 2172 itaque
1904 2114 2125 2171 reposuit:

607 2194 622 2212 α
653 2174 697 2216 10
731 2173 784 2216 lio
818 2183 945 2216 avuto
978 2174 1093 2218 dalla
1127 2175 1212 2217 mia
1247 2174 1449 2225 inl'anzia,
1471 2174 1524 2217 ed
1549 2191 1572 2217 a
1596 2174 1747 2217 datare
1769 2181 2034 2232 soprattutto
2057 2174 2128 2218 dal

607 2254 624 2272 ›>
655 2233 791 2286 11830,
828 2235 868 2277 la
903 2235 977 2292 piu
1011 2236 1095 2278 alta
1130 2234 1333 2292 possibile
1367 2236 1466 2279 idea
1497 2235 1612 2279 delle
1646 2234 1761 2278 virtu
1793 2234 1838 2277 di
1862 2242 2015 2292 questa
2039 2234 2127 2292 pri-

608 2315 624 2333 »
655 2310 725 2337 rna
757 2294 905 2338 Madre
938 2300 1017 2339 che
1051 2296 1089 2339 le
1130 2295 1352 2340 tradizioni
1398 2296 1442 2340 di
1476 2303 1627 2353 questo
1661 2297 1900 2338 Monastero
1923 2294 1961 2338 ei
1986 2294 2129 2338 hanno

607 2375 623 2393 »
653 2370 826 2412 sempre
861 2364 1184 2413 rappresentata
1220 2371 1342 2400 come
1377 2373 1434 2400 un
1467 2357 1653 2413 compito
1687 2355 1876 2399 modello
1920 2354 1966 2398 di
2015 2355 2129 2398 virtu

608 2436 624 2453 1»
654 2415 887 2473 Religiose.
919 2437 934 2454 υ
962 2416 1315 2461 Fundamentum
1350 2432 1455 2460 vero
1488 2416 1736 2460 huiusmodi
1762 2415 2043 2460 traditionum
2069 2416 2130 2458 in-

602 2475 753 2520 dicans
788 2477 844 2519 ita
881 2477 969 2534 ipsa
1006 2479 1284 2535 prosequitur
1318 2494 1442 2521 suam
1488 2477 1825 2535 depositionem.
1858 2497 1872 2515 σ
1903 2476 1936 2519 Il
1979 2476 2128 2520 valore

609 2556 625 2574 ι)
655 2536 772 2580 delle
805 2546 947 2580 nostre
982 2538 1208 2582 tradizioni
1242 2539 1274 2582 si
1310 2538 1521 2597 appoggia
1545 2554 1671 2596 sopra
1696 2537 1733 2582 la
1755 2538 1886 2596 lunga
1910 2538 1998 2580 vita
2015 2536 2129 2580 della

610 2617 626 2634 ι
656 2598 852 2655 maggior
886 2606 1005 2655 parte
1040 2599 1155 2643 delle
1188 2599 1364 2643 anziane
1398 2598 1513 2643 delle
1535 2599 1654 2657 quali
1677 2598 1718 2641 io
1741 2597 1931 2642 eouobbi
1957 2612 2012 2640 un
2036 2612 2128 2641 cer-

608 2676 624 2695 »
657 2665 698 2700 to
732 2673 931 2709 numero,
969 2675 993 2702 e
1026 2660 1241 2717 qualeuna
1273 2660 1316 2703 di
1351 2667 1501 2718 queste
1525 2659 1622 2703 vive
1644 2674 1815 2703 ancora.
1850 2679 1865 2697 ο
1894 2660 1995 2701 Post
2017 2673 2129 2717 quae

606 2718 973 2763 universalitatem
1012 2720 1152 2764 dictae
1187 2722 1345 2765 Famae
1379 2720 1646 2764 demonstrat
1678 2718 2038 2778 quandoquidem
2076 2733 2130 2762 ex

730 2840 795 2900 (4)
828 2839 980 2884 Summ.
1016 2857 1118 2900 paq.
1156 2843 1259 2893 161,
1299 2843 1388 2886 162
1422 2842 1466 2903 g.
1504 2843 1660 2886 66-67.
