2648 3600
636 226 693 268 Μ-

384 299 591 343 Animad.
612 319 629 353 :3
755 306 830 348 20.
868 304 953 349 Sed
994 302 1120 344 instat
1154 301 1491 345 Animadversor
1524 302 1904 359 praeclarissimus,
1941 314 1978 347 et
2008 305 2047 348 iu
2074 322 2149 350 suo

457 353 621 420 gaf

634 366 856 424 proposito
896 362 1124 422 persistens
1158 362 1328 419 pondus
1367 362 1673 420 probationum
1707 362 1884 420 triplicis
1912 365 2148 410 Canaden-

632 443 685 472 sis
736 423 1024 484 inquisitionis
1072 421 1222 465 saltem
1277 422 1498 466 minuendi
1544 424 1599 466 ita
1645 423 1933 482 prosequitur.
1980 427 2149 470 Praete-

634 503 704 531 rea
731 501 828 530 cum
863 485 917 528 de
950 482 1206 526 subsidiaria
1241 483 1491 526 probatione
1524 492 1677 541 agatur
1699 483 1895 528 historica
1914 484 2148 530 documen-

634 555 672 590 ta
707 547 885 591 fuissent
917 544 1067 588 sedulo
1098 543 1354 601 colligenda,
1386 552 1427 588 et
1460 561 1508 588 ca
1544 543 1797 602 praesertim
1831 545 1883 588 ad
1920 562 2030 604 quae
2057 564 2148 605 pas-

631 608 708 651 sim
747 614 889 657 testes,
913 606 970 649 uti
1007 604 1062 648 ad
1093 605 1294 649 scientiae
1325 621 1630 654 suaecaumm,
1655 614 1903 663 provocant.
1942 627 1956 645 ι
1987 610 2043 652 s.»
2072 609 2148 653 (·Ιι(-,

640 689 654 707 a
681 668 809 711 esiste
842 683 898 710 un
932 682 1038 726 gran
1078 682 1256 709 numero
1290 666 1335 710 di
1370 682 1499 724 opere
1534 667 1588 710 ita
1624 665 1741 709 testis
1775 667 1833 708 lY
1871 667 2006 725 (iuxta
2038 684 2149 712 sum-

638 749 652 766 n
684 727 809 772 marii
843 728 1070 786 ordinem)
1121 727 1158 769 le
1200 727 1315 796 quali
1355 735 1541 771 trattano
1586 727 1700 770 della
1753 727 1836 769 vita
1877 729 2148 772 ammirabile,

638 810 653 827 ι
682 789 794 833 della
832 798 973 834 nostra
1005 788 1265 831 Venerabile
1296 789 1440 832 Madre
1475 788 1575 831 dell’
1598 787 1899 831 lucarmtzione
1918 810 1931 826 υ
1959 789 2144 848 (Summ.

632 867 731 909 pag.
770 850 909 911 4733
944 849 1068 906 464);
1105 865 1153 891 ae
1186 850 1325 892 xxn.
1371 871 1383 885 «ι
1414 851 1470 893 So
1505 850 1581 892 ebe
1612 847 1732 891 molti
1766 848 1893 899 libri,
1929 851 2144 907 opusculi,

642 931 657 950 ι
685 927 708 953 o
744 911 1005 954 manoscritti
1043 909 1230 952 esistenti
1267 909 1376 953 nella
1414 910 1650 954 Biblioteca
1683 909 1754 953 del
1785 911 2021 953 Monastero
2048 920 2149 954 atte-

640 991 656 1009 ι
684 981 803 1015 stano
838 972 875 1014 la
911 970 1073 1017 Santita
1105 969 1217 1013 della
1251 973 1384 1014 Serva
1419 970 1462 1013 di
1500 971 1597 1021 Dio,
1645 988 1668 1014 e
1710 970 1746 1013 la
1788 970 1901 1015 sama
1946 971 2014 1015 dei
2056 973 2148 1016 suoi

639 1053 653 1070 υ
681 1032 875 1075 miracol'
915 1055 922 1067 =
954 1031 1081 1091 (ibid.
1123 1046 1220 1088 pag.
1259 1032 1337 1074 ’181
1381 1033 1408 1092 S
1448 1032 1573 1091 ΞΜ).
1594 1034 1654 1076 lta
1675 1032 1805 1074 etiam
1828 1032 1924 1082 alii;
1958 1049 2005 1076 ae
2030 1049 2151 1090 prae-

632 1093 758 1151 cipue
792 1094 846 1135 ll!
886 1108 1009 1151 ptura
1043 1107 1175 1149 opera
1203 1102 1427 1136 enumerat
1460 1109 1572 1151 quw
1600 1093 1655 1136 de
1687 1093 1818 1135 Serva
1855 1093 1930 1135 Dei
1969 1102 2150 1137 tractant

634 1154 763 1212 (ibid.
798 1170 895 1211 pag.
937 1155 1025 1197 436
1059 1154 1085 1213 S
1120 1153 1179 1195 52
1213 1161 1253 1196 et
1286 1154 1449 1213 seqq).
1487 1156 1578 1197 Non
1619 1162 1762 1197 tamen
1805 1153 1909 1196 baec
1943 1154 2117 1197 collecta
2140 1189 2149 1206 ‚

634 1224 762 1272 atque
795 1215 1003 1266 exhibita,
1041 1215 1073 1257 si
1110 1228 1238 1256 unam
1273 1214 1459 1271 excipias
1489 1215 1787 1272 biographiam
1809 1214 1865 1257 ab
1890 1214 2049 1257 Eadem
2075 1217 2151 1259 Dei

632 1275 811 1318 Famula
848 1275 902 1318 de
934 1292 978 1319 se
1012 1274 1315 1332 conscriptam,
1351 1276 1406 1318 ab
1435 1274 1632 1319 ciusdem
1668 1275 1915 1332 tiliopostea
1939 1276 2048 1333 typis
2066 1276 2154 1319 edi-

631 1344 732 1388 tam,
772 1335 1062 1395 subiectisque
1098 1335 1388 1378 notationibus
1421 1337 1691 1388 illustratam;
1723 1336 1779 1379 de
1807 1352 1891 1394 qua
1914 1343 2055 1379 tamen
2078 1353 2153 1395 op-

630 1396 855 1455 portunius
888 1397 1048 1442 deinde
1083 1411 1223 1439 sermo
1257 1407 1464 1441 recurret.

751 1458 827 1500 24.
865 1459 937 1501 llis
971 1474 1083 1517 quae
1117 1458 1277 1501 Censor
1298 1459 1494 1516 egregius
1518 1458 1827 1501 animadvertit
1852 1458 1996 1516 quoad
2034 1458 2153 1501 dese-

629 1527 748 1563 ctum
785 1518 1051 1562 collectionis
1085 1518 1384 1562 historicorum
1421 1520 1782 1563 documentorum
1821 1521 1862 1561 in
1896 1535 2020 1563 causa
2045 1521 2152 1564 Ser—

631 1596 708 1623 vae
744 1579 826 1622 Dei
860 1580 1028 1623 Sororis
1063 1579 1220 1623 Mariae
1254 1581 1309 1622 ab
1345 1580 1657 1631 luem-natione,
1684 1579 1826 1623 dicam
1852 1579 1967 1638 quod
2003 1580 2155 1623 imme-

630 1642 711 1685 rito
747 1640 790 1683 id
826 1641 957 1698 exigit
994 1641 1109 1684 idem
1150 1639 1446 1685 Adversarius.
1486 1645 1535 1686 Et
1557 1657 1662 1685 sane
1686 1640 1933 1684 huiusmodi
1958 1641 2056 1684 Eius
2080 1657 2156 1684 vo-

635 1711 743 1753 tum,
782 1709 825 1744 et
859 1701 1124 1745 desiderium
1162 1701 1320 1744 nedum
1360 1702 1573 1759 praesenti
1609 1703 1773 1746 Causae
1812 1701 2052 1745 nullimode
2095 1710 2158 1745 est

635 1762 938 1814 necessarium,
977 1763 1051 1805 sed
1085 1771 1127 1804 et
1162 1762 1375 1805 inutiliter
1407 1765 1581 1823 abipso
1604 1764 1862 1820 concipitur.
1897 1762 2040 1806 Primo
2063 1764 2158 1821 qui-

631 1824 729 1867 dem
770 1838 854 1865 non
890 1832 954 1866 est
990 1823 1199 1866 ullimode
1234 1825 1537 1872 necessarium,
1576 1826 1674 1867 licet
1708 1824 1821 1867 enim
1860 1824 1900 1866 in
1943 1824 2156 1880 praesenti

630 1902 727 1928 casu
763 1883 970 1928 deliciunt
1006 1893 1130 1928 testes
1166 1883 1294 1941 primi
1330 1900 1377 1927 ac
1410 1885 1585 1930 secundi
1625 1885 1801 1935 ordinis,
1832 1893 1959 1943 atque
1999 1884 2156 1928 idcirco

633 1945 803 1990 nonnisi
838 1945 1094 1989 subsidam-ia
1123 1944 1318 2002 probatio
1353 1955 1567 2004 suppetat,
1605 1954 1799 1989 attamen
1837 1954 1912 1996 tot,
1954 1953 2157 2004 tantaque

630 2024 682 2051 ex
720 2006 899 2050 testibus
934 2007 1148 2050 babemus
1182 2006 1325 2064 quoad
1361 2007 1538 2051 Famam
1575 2006 1821 2052 Sanctitatis
1857 2007 1967 2050 vitae
1997 2008 2157 2051 Sei-vae

631 2068 729 2118 Dei,
769 2075 816 2110 ut
851 2068 1012 2112 maiora
1048 2067 1312 2119 desiderare,
1332 2082 1415 2111 non
1441 2070 1571 2113 modo
1595 2078 1705 2112 esset
1729 2084 1821 2111 rem
1846 2067 2060 2111 difficilem
2087 2084 2158 2126 po-

632 2129 812 2173 stulares
845 2130 920 2173 sed
955 2130 1092 2173 audeo
1125 2128 1269 2173 dicere
1302 2128 1434 2172 etiam
1472 2129 1804 2188 impossibilem.
1847 2129 1915 2172 Ad
1961 2128 2040 2172 boe
2083 2128 2159 2171 de-

634 2189 964 2234 monstrandum
1006 2190 1064 2233 nil
1110 2189 1228 2233 aliud
1277 2190 1516 2249 requiritur
1565 2190 1641 2235 nisi
1693 2191 1880 2249 simplex
1925 2189 2157 2233 Summarii

632 2251 935 2310 pervolutatio,
958 2262 1001 2296 et
1026 2251 1151 2295 lectio
1175 2251 1393 2309 praefixae
1427 2252 1762 2296 informationis.
1791 2253 1935 2309 Atque
1967 2250 2035 2293 bic
2061 2267 2156 2307 per-

631 2313 794 2371 pendat
828 2313 1168 2357 Animadversor
1203 2320 1362 2359 noster.
1399 2314 1515 2370 quod
1552 2321 1680 2357 testes
1715 2313 1756 2355 in
1794 2312 1949 2370 triplici
1976 2311 2160 2369 Inquisi-

636 2374 752 2417 tione
786 2374 1027 2418 Canadensi
1062 2373 1250 2417 examini
1286 2374 1466 2416 subiecti
1504 2383 1548 2417 nt
1583 2376 1818 2433 plurimum
1856 2373 1910 2416 ad
1958 2371 2160 2415 traditio—

634 2450 731 2478 nem
767 2435 930 2478 oralem
966 2444 1216 2494 provocant,
1255 2443 1297 2477 et
1332 2450 1416 2477 non
1451 2450 1624 2494 semper
1658 2437 1713 2480 ad
1746 2434 1964 2493 scriptam,
2001 2449 2077 2477 seu
2103 2433 2156 2476 ad

632 2495 834 2540 historica
866 2495 1144 2546 documenta,
1183 2495 1236 2539 ad
1271 2510 1381 2556 quae
1414 2496 1445 2538 si
1480 2496 1718 2555 aliquando
1751 2502 2016 2554 provocant,
2056 2509 2152 2537 cum

632 2557 785 2601 eadem
822 2572 904 2599 non
941 2557 1141 2615 generice
1174 2558 1320 2607 citent,
1360 2556 1435 2600 sed
1469 2558 1685 2615 specifice,
1725 2572 1807 2600 non
1844 2564 1936 2599 erat
1986 2571 2156 2599 necesse

631 2626 674 2662 ut
707 2634 758 2662 ea
793 2618 943 2661 sedulo
977 2618 1229 2677 colligerent
1262 2618 1639 2678 quemadmodum
1679 2617 1762 2677 Ipsi
1803 2616 2063 2661 Adversario
2113 2616 2156 2659 in

629 2679 739 2722 votis
774 2687 880 2730 erat,
918 2680 992 2724 sed
1028 2680 1129 2723 satis
1162 2680 1242 2723 suit
1276 2696 1325 2723 ea
1362 2679 1620 2723 nominatim
1669 2679 1866 2740 proferre
1903 2678 2158 2736 praesertim

629 2740 729 2799 quia
765 2740 948 2797 ipsamet
983 2741 1143 2799 publici
1180 2740 1284 2784 iuris
1319 2740 1508 2785 maxima
1543 2757 1595 2784 ex
1631 2751 1751 2799 parte
1784 2741 1896 2784 sacta
1938 2740 2036 2783 sint.
2085 2738 2153 2784 Sic

629 2801 817 2860 exempli
851 2802 989 2859 gratia
1035 2802 1152 2845 testis
1186 2803 1239 2845 ΙΙΙ
1275 2803 1400 2845 nobis
1434 2802 1625 2846 obiectus
1672 2818 1755 2846 non
1807 2815 1939 2845 unum
1987 2808 2156 2845 tantum

629 2878 681 2906 ex
714 2863 927 2907 historicis
961 2864 1235 2908 documentis
1268 2865 1449 2908 Famam
1484 2864 1729 2910 Sanctitatis
1753 2863 1870 2908 vitae
1893 2865 2052 2909 Servae
2075 2860 2156 2904 Dei
