2696 3600
899 352 972 404 De
1008 350 1287 406 Virtutibus
1323 348 1667 403 Cardinalibus

1172 442 1225 485 Et
1258 440 1400 499 primo

867 526 943 578 De
989 525 1188 577 heroica
1230 523 1284 577 S.
1320 525 1383 578 D.
1416 524 1703 578 Prudentia.

478 637 583 681 t37.
622 638 676 683 Ea
710 638 853 682 omnia
885 651 998 696 quae
1030 637 1255 695 hucusque
1287 635 1445 695 protuli
1477 636 1579 680 satis
1610 651 1845 696 superque.
1872 636 1915 680 ni
1951 634 2091 688 fallor,

599 698 901 743 demonstrant
932 698 1111 742 Servam
1145 696 1227 740 Dei
1259 697 1462 741 Sororem
1498 696 1677 740 Mariam
1711 698 1769 740 ab
1800 696 2100 741 lucarnatione

602 757 776 803 heroico
808 759 849 802 in
884 757 1019 816 gradu
1053 756 1293 801 exercuisse
1316 756 1477 815 pariter
1496 764 1539 799 et
1563 756 1797 813 possedisse
1819 757 2099 815 Tlieologieas

605 818 799 870 virtutes3
817 819 907 863 illas
937 831 1095 876 nempe
1127 817 1306 861 virtutes
1338 832 1450 878 quae
1486 817 1624 861 Deum
1651 816 1711 859 uti
1736 816 1920 874 primam
1945 817 2099 860 huma-

601 892 758 922 norum
791 887 965 923 actuum
1001 877 1196 936 regulam
1231 878 1464 935 attingunt.
1490 877 1582 920 lmo
1605 891 1708 920 vero
1731 892 1784 920 ex
1809 877 1888 920 hoc
1910 876 2002 935 ipso
2024 878 2098 920 de-

600 946 889 982 monstratum
925 946 1071 982 manet
1106 937 1314 982 Eamdem
1349 940 1528 983 Sei-vam
1566 938 1644 981 Dei
1693 936 1971 987 cardinales,
2024 952 2099 980 seu

603 998 783 1042 Morales
812 999 992 1042 virtutes
1025 999 1194 1043 heroice
1227 997 1849 1058 exercuisse‚quandoquidem
1883 997 1988 1041 haec
2022 997 2100 1040 hu-

600 1073 773 1103 manam
808 1059 1018 1103 rationem
1052 1058 1330 1118 attingentes,
1366 1073 1415 1104 ac
1449 1059 1658 1103 moralem
1698 1058 1885 1103 hominis
1932 1057 2065 1101 vitam
2088 1091 2098 1107 ,

602 1127 646 1162 et
678 1119 920 1177 appetitum
954 1120 996 1163 in
1035 1118 1189 1163 ordine
1222 1118 1278 1162 ad
1322 1120 1466 1177 lpsum
1509 1121 1652 1163 Deum
1701 1118 1836 1163 veluti
1880 1131 2100 1162 summum.

604 1179 799 1225 eiusdem
833 1180 1011 1225 rationis
1042 1180 1210 1225 bonum
1246 1188 1503 1238 spectantes,
1539 1195 1638 1224 cum
1675 1179 1829 1223 iisdem
1854 1178 2102 1237 theologicis

604 1248 646 1283 et
681 1241 914 1300 praecipue
945 1256 1042 1285 cum
1077 1240 1296 1284 Charitate
1328 1256 1406 1299 per
1438 1256 1568 1299 quam
1605 1240 1648 1284 in
1688 1240 1881 1284 animam
1924 1254 1996 1282 eas
2039 1240 2102 1282 in-

607 1300 728 1345 l'undi
762 1301 885 1345 docet
919 1302 973 1344 D.
1011 1301 1218 1353 Thomas,
1256 1301 1298 1345 in
1333 1301 1376 1345 1.
1412 1302 1459 1344 2.
1496 1309 1662 1360 quaest.
1704 1301 1781 1344 65.
1808 1308 1890 1344 art.
1920 1300 1961 1343 1.
1988 1307 2032 1342 et
2055 1301 2098 1343 3.

603 1361 643 1404 in
677 1377 797 1419 corp.
833 1362 1070 1406 arctissimo
1104 1361 1293 1413 vinculo,
1337 1369 1379 1406 et
1410 1362 1670 1420 cognatione
1717 1362 1906 1422 quadam
1948 1375 2104 1405 conne-

605 1429 800 1465 ctuntur.

578 1514 588 1526 .
626 1482 775 1541 ltaque
809 1482 906 1527 licet
938 1496 992 1525 ex
1023 1481 1132 1527 lacta
1155 1481 1530 1526 animadversione
1553 1497 1639 1526 non
1662 1490 1773 1526 essct
1794 1482 1991 1526 absolute
2024 1496 2101 1525 ne·

603 1543 834 1587 cessarium
867 1542 924 1587 de
946 1542 1191 1586 huiusmodi
1219 1543 1449 1587 virtutibus
1471 1542 1778 1587 Cardinalibus
1800 1557 1928 1601 agere
1950 1542 2005 1585 ad
2031 1556 2104 1584 ea-

605 1619 703 1646 rum
737 1603 1010 1647 existentiam
1043 1611 1086 1647 et
1121 1602 1415 1646 heroicitatem
1449 1603 1835 1647 demonstrandam
1881 1603 2014 1646 relate
2047 1602 2098 1644 ad

605 1663 840 1722 praefatam
874 1666 1053 1710 Servum
1091 1664 1185 1714 Dei,
1222 1671 1412 1707 attamen
1449 1664 1505 1708 de
1538 1663 1719 1714 eisdem,
1738 1671 1784 1708 et
1805 1664 1986 1723 quidem
2011 1663 2097 1706 sin·

604 1724 786 1781 gillatim
820 1739 944 1783 agam
979 1733 1069 1768 tum
1108 1732 1152 1767 ut
1185 1724 1353 1783 praxim
1387 1724 1494 1768 sacri
1528 1724 1655 1768 huius
1688 1725 1766 1768 l'ori
1802 1726 1881 1768 rite
1919 1738 2101 1782 sequar,

606 1793 697 1829 tum
733 1799 836 1829 vero
857 1786 989 1829 etiam
1014 1792 1059 1828 ut
1082 1784 1259 1829 virtutes
1282 1785 1397 1843 ipsae
1421 1785 1620 1830 adductis
1641 1785 1905 1844 gravissimis
1928 1785 2105 1829 testium

604 1845 948 1897 auctoritatibus,
985 1852 1028 1890 et
1063 1845 1214 1890 validis
1249 1845 1468 1890 rationum
1503 1846 1733 1890 momentis
1756 1846 1911 1890 maiori
1935 1847 2031 1890 luce
2054 1860 2108 1888 ac

608 1905 901 1963 splendidiore
932 1915 1172 1966 appareant
1206 1905 1454 1951 redimitae.

485 1965 591 2008 ⁴139.
629 1967 694 2010 De
728 1965 777 2009 iis
811 1966 940 2026 igitur
971 1977 1143 2012 ac'arus
1174 1976 1275 2011 :inte
1299 1968 1443 2011 omnia
1468 1967 1833 2018 animadvertam,
1860 1966 1978 2026 quod
2001 1967 2085 2010 Car

607 2025 774 2071 dinales
806 2027 919 2071 inter
950 2028 1135 2071 virtutes
1180 2027 1420 2086 principem
1467 2028 1546 2072 sibi
1590 2029 1730 2072 locum
1781 2028 1876 2071 iure
1915 2026 2105 2071 vindicat

608 2087 837 2133 Prudentia
870 2103 983 2147 quae
1014 2104 1039 2133 a
1072 2089 1117 2134 S.
1156 2089 1316 2132 loannc
1338 2089 1642 2148 Chrysostomo
1663 2114 1693 2123 -
1715 2089 1910 2133 Lucerna
1932 2087 2106 2131 animae

605 2146 717 2192 (licta
751 2156 830 2200 est,
853 2157 895 2192 et
920 2148 1082 2207 Regina
1115 2149 1433 2207 cogitationum
1476 2173 1507 2182 -
1547 2165 1570 2193 a
1610 2151 1665 2192 D.
1705 2147 1925 2191 Bernardo
1960 2148 2102 2191 Mode-

615 2208 746 2252 ratrix
783 2217 825 2252 ct
858 2210 1021 2267 Auriga
1045 2209 1252 2253 virtutum
1279 2209 1431 2253 merito
1453 2217 1516 2253 cst
1538 2209 1768 2267 appellata,
1794 2224 1997 2269 quaeque
2021 2224 2109 2252 uno

608 2269 746 2311 verbo
785 2270 841 2312 ab
883 2269 1154 2327 agiographis
1185 2269 1489 2327 scriptoribus,
1527 2269 1739 2314 Ecclesiae
1786 2270 2013 2320 Patribus,
2065 2279 2109 2313 et

608 2328 868 2372 Ductoribus
900 2329 1131 2380 universis,
1167 2330 1349 2374 summis
1374 2330 1551 2374 laudum
1577 2331 1815 2389 praeconiis
1840 2331 1914 2374 fuit
1949 2345 2106 2389 usque-

608 2404 781 2449 quaque
802 2390 1035 2434 cclebrata.
1058 2390 1108 2433 Et
1136 2391 1293 2434 merito
1315 2390 1493 2450 quidem
1520 2392 1622 2435 hacc
1648 2391 1780 2435 virtus
1805 2392 1910 2435 tanti
1933 2407 2108 2449 semper

606 2458 670 2493 est
693 2449 854 2502 habita,
869 2450 1091 2509 quaelibet
1114 2466 1304 2510 namque
1326 2452 1463 2497 virtus
1485 2460 1530 2496 et
1554 2452 1733 2496 modum
1757 2461 1798 2496 et
1824 2453 1930 2496 lines
1952 2468 2109 2510 cogno-

609 2524 727 2554 scere
759 2509 891 2555 debet.
916 2511 1025 2555 intra
1054 2526 1162 2570 quos
1193 2527 1238 2555 se
1272 2513 1491 2557 contineat
1524 2528 1697 2557 necesse
1728 2522 1807 2565 est,
1830 2528 1884 2557 ne
1917 2520 2111 2557 vertatur

608 2569 651 2614 iu
672 2570 828 2631 vitium
853 2572 972 2616 iuxta
995 2572 1263 2630 percelebre,
1287 2581 1331 2617 et
1353 2573 1501 2618 tritum
1532 2573 1640 2618 illud
1665 2575 1820 2618 Poetae
1843 2573 2057 2618 monitum

672 2633 745 2676 Est.
777 2632 931 2677 modus
965 2633 1005 2677 in
1040 2634 1184 2684 rebuS,
1220 2641 1320 2677 sunt
1351 2634 1456 2679 certi
1488 2634 1680 2696 denique
1713 2634 1837 2687 lines,

671 2692 790 2749 Quos
822 2693 951 2746 ultra,
988 2693 1181 2753 citraque
1215 2695 1367 2754 nequit
1398 2695 1633 2739 consistere
1668 2695 1819 2740 virtus.

613 2753 688 2797 llic
720 2763 865 2798 autem
901 2754 1070 2807 modus,
1097 2755 1199 2798 certi
1233 2756 1448 2800 eiusmodi
1485 2756 1590 2800 lines
1622 2756 1972 2802 determinantur
2006 2770 2058 2814 pr

616 2813 723 2857 l'ecto
757 2829 780 2857 a
815 2815 1049 2859 Prudentia
1092 2831 1204 2875 quae
1252 2817 1409 2861 scilicet
1445 2818 1628 2861 virtutes
1661 2832 1810 2861 omnes
1852 2817 1910 2861 ita
1952 2769 2112 2860 mose:

615 2882 759 2926 ratur,
796 2891 843 2919 ac
873 2875 1022 2935 dirigit
1056 2886 1101 2920 ut.
1140 2878 1257 2936 ipsae
1305 2893 1381 2921 nce
1411 2893 1492 2938 per
1525 2877 1757 2929 delectum,
1795 2894 1875 2922 nec
1918 2893 1995 2937 per
2035 2892 2110 2920 ex·

1806 2953 1866 2997 ll)
