2712 3616
661 726 766 769 127.

669 1331 773 1374 428.

693 2852 789 2896 129.

784 228 843 274 68

786 301 959 362 rquaie
990 301 1022 346 si
1056 300 1247 345 carieava
1270 333 1280 350 ,
1318 301 1356 344 la
1390 315 1463 344 sua
1501 308 1616 345 veste.
1649 298 1866 342 essendosi
1900 308 2104 345 attaecata
2137 302 2177 346 ai
2211 302 2273 346 ti-

783 384 797 400 ·
829 379 973 413 mone,
1011 360 1267 406 riaizandosi
1302 361 1341 405 ia
1375 370 1576 413 cari-etta,
1614 360 1701 404 Ettu
1744 375 1887 403 venne
1928 362 2094 405 baizata
2139 365 2273 407 molto

787 443 804 462 ι
834 425 875 467 in
913 424 997 466 aito
1023 456 1033 473 ‚
1071 420 1267 465 radendo
1316 431 1640 480 pez-'antemente
1672 421 1735 464 sui
1770 421 1891 464 sunto
1913 455 1924 471 ,
1961 422 1999 465 lc
2031 423 2149 481 gent-i
2195 424 2274 468 che

787 505 801 522 ι
833 500 917 528 uon
952 483 978 525 i’
993 498 1189 527 avevano
1225 482 1383 526 vednta
1417 484 1472 528 da
1507 481 1718 541 principio
1751 481 1788 525 ia
1820 481 2064 526 credcttero
2097 494 2234 528 morta
2258 518 2267 535 ,

787 565 803 582 -
833 561 899 587 nia
946 544 1043 586 Essa
1086 544 1245 586 riniase
1278 559 1401 587 senza
1436 544 1560 588 aienn
1594 542 1739 586 (latino
1760 576 1769 593 ,
1818 558 2019 601 persuasa
2040 576 2051 595 ‚
2087 544 2269 588 siccome

785 625 801 642 ι
833 604 921 647 tutu
953 604 1065 654 dice,
1101 605 1180 648 che
1214 603 1254 648 ia
1278 604 1575 649 Provvidenza
1600 604 1767 647 l'avcra
1790 611 2041 647 conservata
2064 620 2087 648 a
2111 605 2274 649 motivo

786 685 801 701 ο
830 665 900 709 dei
936 665 1105 723 poveri.
1133 687 1148 704 ι

801 725 929 781 Quod
966 726 1221 770 miraculum
1273 726 1460 770 maxime
1494 724 1684 769 inserviit
1723 724 1778 769 ad
1814 724 2078 770 Chai-itatem
2118 727 2277 771 Servae

782 787 861 830 Dei
895 787 1208 846 augescentium
1234 788 1371 846 magis
1392 796 1435 830 ct
1459 785 1738 830 iii-mandam.
1763 786 1871 829 Hinc
1895 785 1952 828 nii
1977 786 2134 829 mirum
2158 786 2277 846 quod

782 848 942 892 Eadem
976 864 1026 891 co
1064 863 1200 907 usque
1230 863 1454 906 progressa
1488 846 1615 890 suerit
1649 855 1693 890 ut
1736 846 1833 890 licet
1880 854 2019 889 aetate
2067 846 2277 905 longaeva

785 908 1105 952 infirmitatibus
1140 924 1303 966 pressa,
1339 916 1380 952 et
1416 907 1603 966 hycmaii
1639 915 1833 965 tempore
1867 906 1930 965 (in
1963 906 2137 951 civitate
2157 908 2273 963 Que-

783 969 955 1012 becensi
989 969 1285 1030 rigidissimo),
1321 968 1472 1013 calceis
1505 968 1633 1012 etiam
1667 984 1760 1012 sese
1794 967 1958 1011 exuerit
1987 968 2166 1026 pauperi
2194 968 2279 1011 foe-

783 1030 927 1073 minae
960 1029 1002 1072 in
1037 1030 1088 1073 eta
1107 1046 1358 1088 emosynam
1394 1029 1566 1074 dandis,
1586 1029 1725 1073 Testis
1748 1030 1787 1071 X
1811 1026 2001 1088 (Summ.
2024 1028 2086 1072 ib.
2106 1045 2151 1087 p.
2171 1029 2271 1089 97.)

788 1109 804 1128 ι
835 1091 892 1133 La
926 1090 1059 1134 carita
1094 1106 1217 1134 verso
1249 1090 1322 1134 dci
1357 1090 1504 1148 poveri
1540 1105 1609 1133 era
1635 1089 1779 1133 innata
1798 1089 1908 1133 neila
1934 1088 2189 1132 medesima.
2215 1090 2277 1132 Fu

792 1171 807 1187 ι
838 1151 949 1194 vista
984 1151 1025 1193 in
1063 1159 1209 1210 tempo
1243 1150 1285 1192 «ti
1321 1167 1397 1195 sua
1432 1150 1687 1200 verchiezza,
1723 1165 1749 1193 e
1780 1149 1893 1193 delle
1926 1163 2002 1192 sue
2035 1148 2269 1200 insci-mita,

794 1231 810 1249 ι
840 1211 908 1254 net
943 1212 1083 1255 cotmo
1114 1212 1416 1262 deli’inverno,
1456 1210 1640 1268 togiiersi
1686 1210 1756 1253 dai
1805 1208 1921 1268 piedi
1956 1209 1968 1252 i
2000 1209 2151 1253 calzari
2200 1225 2281 1269 per

796 1291 810 1307 ·
839 1272 946 1315 darii
982 1272 1035 1315 ad
1070 1288 1156 1314 una
1192 1286 1353 1331 povera
1386 1270 1550 1322 donna,
1586 1271 1664 1314 che
1698 1286 1752 1315 ue
1785 1287 1857 1315 cra
1893 1269 2030 1328 priva.
2058 1291 2074 1309 ι

811 1332 897 1374 lam
936 1346 1037 1376 vero
1070 1332 1184 1376 dieta
1221 1331 1543 1376 misericordiae
1573 1331 1804 1389 corporatis
1836 1347 1968 1390 opera
1992 1330 2047 1374 ita
2071 1332 2165 1374 Deo
2181 1338 2280 1374 sunt

787 1401 977 1450 accepta,
1015 1401 1056 1437 et
1089 1393 1146 1436 ab
1182 1394 1239 1436 Eo
1273 1392 1422 1444 talem,
1457 1409 1506 1436 ac
1539 1400 1700 1436 tantam
1735 1391 2127 1436 remunerationem
2153 1399 2280 1435 erunt

791 1456 1035 1512 percepturi
1070 1453 1147 1512 qui
1179 1452 1333 1497 eadem
1369 1453 1526 1497 faciunt
1559 1462 1606 1497 ut
1640 1452 1681 1496 in
1717 1453 1793 1497 hac
1826 1453 1915 1496 vita
1938 1451 2191 1510 centuplum
2215 1468 2283 1496 ae·

788 1514 967 1572 cipient,
1002 1522 1045 1558 et
1079 1514 1211 1558 vitam
1245 1522 1465 1557 aeternam
1492 1513 1792 1572 possidebunt.
1819 1513 1924 1557 ilinc
1947 1513 2141 1556 Christus
2164 1511 2284 1556 idem

790 1574 830 1617 in
869 1574 1098 1632 Evangelio
1130 1574 1244 1633 apud
1282 1574 1540 1618 Matthaeum
1564 1591 1663 1633 cap.
1693 1576 1753 1618 25
1777 1573 1990 1633 promittit
2014 1589 2059 1617 se
2082 1573 2285 1617 daturum

791 1635 832 1677 in
867 1634 941 1679 die
974 1635 1232 1679 universalis
1263 1634 1413 1678 ludicii
1448 1642 1490 1679 et
1524 1635 1872 1680 benedictionem
1897 1641 1939 1679 et
1961 1634 2203 1693 praemium
2231 1634 2284 1678 iis

791 1696 865 1754 qui
900 1696 1106 1740 esurienti
1139 1696 1305 1746 cibum,
1341 1703 1383 1739 et
1417 1705 1568 1754 potum
1602 1696 1759 1740 sitienti
1796 1711 1872 1754 pro
1906 1710 1984 1739 suo
2016 1710 2166 1739 amore
2197 1694 2287 1739 de-

792 1757 932 1800 derint
967 1766 1171 1816 reputans
1204 1756 1283 1799 sibi
1321 1755 1400 1815 ipsi
1437 1757 1593 1800 sactum
1626 1757 1843 1817 quidquid
1880 1756 2070 1800 minimis
2103 1755 2189 1800 suis
2221 1755 2282 1800 fe·

792 1817 963 1861 cissent.
999 1818 1125 1874 Quod
1159 1817 1192 1860 si
1231 1817 1270 1859 in
1306 1818 1517 1861 eiusmodi
1552 1818 1757 1876 operibus
1790 1817 2055 1868 exercendis,
2092 1832 2175 1860 non
2209 1832 2280 1860 su-

794 1878 1014 1936 perfluum
1038 1877 1345 1922 tantummodo
1367 1878 1463 1937 quis
1487 1879 1655 1924 dederit
1682 1879 1819 1939 (quod
1844 1878 2051 1938 praecipit
2071 1876 2285 1937 Christus)

794 1939 869 1981 sed
903 1939 1189 1983 necessarium
1236 1953 1412 1999 quoque
1444 1939 1498 1983 ad
1535 1939 1665 1984 vitam
1687 1972 1697 1990 ,
1751 1940 1856 1984 iilud
1903 1939 1987 1982 sibi
2021 1954 2100 1997 pro
2132 1937 2288 1982 Christi

796 2014 942 2042 amore
968 2033 979 2049 ,
1028 2008 1159 2058 atque
1207 2014 1444 2057 egenorum
1479 2000 1673 2044 subsidio
1706 2000 1989 2051 subtrahens,
2027 1998 2291 2058 pauperibus

795 2060 1156 2118 suppeditaverit,
1191 2075 1246 2102 co
1278 2059 1320 2102 in
1344 2076 1443 2103 casu
1469 2060 1701 2105 indubium
1723 2070 1766 2105 et-
1792 2060 2067 2105 manii'estum
2095 2059 2291 2103 heroicae

797 2121 1021 2164 Chai-itatis
1054 2137 1156 2180 erga
1178 2119 1428 2165 Proximum
1452 2130 1757 2180 argumentum
1783 2122 1984 2173 habetur,
2011 2119 2293 2180 quemadmo-

796 2180 905 2225 dum
936 2182 1061 2234 scite,
1085 2191 1128 2225 et
1162 2190 1406 2240 opportune.
1431 2182 1483 2226 ad
1512 2197 1605 2225 rem
1629 2190 1818 2226 nostram
1852 2182 2161 2227 animadvertit
2185 2180 2293 2224 turis

804 2243 935 2285 nostri
971 2244 1216 2286 Moderator
1247 2243 1506 2287 Benedictus
1539 2244 1641 2288 Xtv
1674 2244 1814 2287 lib.3.
1838 2244 2030 2301 cap.23.
2054 2243 2110 2286 ita
2134 2242 2293 2286 doeens

796 2329 825 2336 -
849 2303 1157 2362 Eleemosynae
1193 2305 1457 2362 pauperibus
1479 2303 1751 2355 distributae,
1771 2304 2010 2347 subtractio
2041 2319 2185 2347 rerum
2204 2302 2287 2346 sibi

800 2364 1133 2408 necessariarum
1185 2365 1228 2408 in
1261 2363 1527 2409 adiutorium
1564 2365 1764 2409 Proximo
1798 2364 2010 2410 laboranti
2046 2365 2149 2408 haec
2184 2373 2294 2407 tain-

801 2439 932 2482 quam
964 2435 1238 2483 argumenta,
1272 2433 1315 2468 et
1346 2426 1464 2484 signa
1500 2426 1698 2470 heroicae
1727 2426 1962 2484 corporalis
1993 2425 2222 2470 Charitatis
2247 2425 2288 2467 in

804 2486 1051 2529 Proximum
1088 2487 1244 2544 passim
1270 2485 1474 2544 leguntur
1493 2486 1536 2530 in
1562 2487 1861 2532 Relationibus
1881 2489 2117 2532 Causarum
2142 2489 2186 2532 S.
2215 2487 2296 2529 Ma-

803 2546 892 2591 riae
912 2547 1191 2604 Magdaienae.
1214 2548 1270 2592 dc
1295 2547 1451 2599 ramis,
1474 2548 1521 2592 S.
1540 2549 1572 2591 F
1577 2549 1793 2592 raneiseae.
1815 2549 2053 2597 Romanae,
2080 2549 2156 2593 SS.
2179 2545 2293 2590 Petri

803 2606 858 2650 de
892 2608 1137 2659 Aieantara,
1175 2608 1386 2652 Paschaiis
1419 2609 1632 2668 Bayionii,
1671 2610 1873 2654 Andreae
1906 2608 2109 2659 Aventini,
2147 2606 2296 2651 Felicis

804 2685 829 2711 a
861 2669 1113 2719 cantatio-io,
1133 2669 1320 2727 Philippi
1356 2670 1470 2714 Nerii
1492 2705 1502 2721 ,
1538 2671 1730 2714 Caietani
1739 2704 1831 2715 .....
1857 2670 2129 2729 aliorumque
2162 2668 2292 2727 piuri-

806 2745 977 2773 morum
1010 2747 1118 2790 quos
1139 2731 1336 2775 laudatus
1356 2731 1552 2776 Pontifex
1576 2742 1785 2776 memorat
1815 2731 1868 2776 ad
1891 2733 2149 2775 sententiam
2173 2744 2296 2773 suam

808 2792 1035 2835 tuendam.

828 2853 896 2898 Ad
944 2853 1265 2898 ostendendum
1310 2869 1414 2898 vero
1447 2856 1567 2899 Deus
1599 2863 1809 2914 quantum
1858 2855 2104 2900 huiusmodi
2140 2855 2301 2899 Sorvae
