2760 3584
0 1238 67 1282 ire

0 1423 72 1463 lete

1 1487 71 1523 ata

0 1555 74 1583 >ne

0 1615 76 1644 ‚em

0 1677 73 1705 ve-

0 1739 30 1766 u
40 1737 80 1765 m

22 1781 78 1827 ad

9 1863 16 1872 ·
28 1845 84 1888 ila

5 1924 15 1945 ο
29 1905 83 1948 tie

9 1965 85 2010 del

9 2041 86 2070 ora

34 2101 89 2130 no

12 2163 88 2191 rva

29 2224 93 2252 re-

22 2268 95 2313 dat

10 2330 97 2374 eri-

16 2410 26 2431 ·
39 2390 96 2434 rsi

15 2450 94 2495 imi

25 2589 98 2617 na-

22 2649 101 2679 rno

29 2712 70 2740 a.
83 2713 100 2734 ³

37 2769 109 2801 am

63 2823 106 2861 et

26 2884 109 2924 stat

23 2955 110 2985 iar-

466 821 546 866 234
562 854 572 865 .

2000 263 2085 309 425

592 343 654 380 rat
688 334 907 379 videlicet:
938 353 954 373 c
984 332 1104 392 Negti
1139 333 1277 377 ultimi
1313 341 1519 378 trentatre
1552 334 1652 378 anni
1688 334 1800 378 delia
1833 350 1908 380 sua
1930 336 2018 382 vita
2045 339 2082 385 ia

599 417 615 436 ι
652 397 786 441 Serva
817 395 861 439 di
899 394 981 438 Dio
1014 394 1189 452 godettc
1224 394 1261 437 la
1294 395 1424 439 stima
1460 394 1699 440 universale
1732 395 1803 439 dei
1838 397 2009 454 grandi,
2058 416 2082 444 e

596 477 611 495 ι
650 455 722 500 dei
756 455 927 515 pinculi,
943 454 1055 513 degii
1094 454 1390 501 Eeciesiastici.
1413 471 1437 498 c
1460 455 1529 499 dei
1552 456 1745 501 seeoiari.
1765 457 2087 515 Speciaimentc

602 536 618 556 ι
657 516 863 575 aii'epoca
886 515 999 559 detta
1032 530 1106 559 sua
1142 522 1292 568 morte,
1314 515 1346 558 si
1369 515 1518 559 videro
1553 517 1827 561 manifestare
1861 517 1903 561 in
1936 533 2014 562 suo
2031 519 2091 564 sa-

594 599 610 617 »
648 592 751 620 vore
785 583 934 636 queste
976 575 1171 620 unanimi
1228 576 1568 620 testimonianze.
1621 578 1681 621 Le
1738 577 1934 636 religiose
1976 580 2091 626 detta

595 658 611 678 ι
649 646 794 682 nostra
822 639 934 682 ,Casa
966 636 1277 695 riguardarono
1310 645 1461 695 questa
1500 644 1639 679 morte
1684 653 1806 681 come
1854 639 1998 697 quella
2043 642 2087 686 di

594 720 609 738 ι
649 713 734 742 una
760 700 909 749 Beata,
947 713 969 740 e
1005 698 1062 741 tin
1096 697 1282 741 d’allora
1317 699 1355 742 ie
1388 696 1627 740 medesimo
1662 697 1800 741 fecero
1824 708 1999 744 eantare
2028 718 2085 746 un

594 780 609 797 ι
648 761 710 802 Te
746 761 885 802 Deum
921 758 1105 802 annuale
1139 758 1206 801 ne!
1240 758 1392 817 giorno
1426 756 1528 800 dell'
1554 757 1878 801 Annivm-sario.
1923 779 1939 798 ι

609 821 731 875 Quae
766 819 914 863 fusiori
938 819 1077 863 calmo
1102 820 1260 876 protuli
1287 819 1339 863 ad
1371 817 1641 861 evidentiam
1665 817 1884 862 declarant
1908 821 2086 867 Famam

588 879 831 926 Sanctitatis
864 879 1009 938 quoad
1044 881 1223 924 Set-vam
1258 879 1339 922 Dei
1373 880 1572 924 Sororem
1610 878 1783 922 Mariam
1810 879 1866 922 ab
1891 881 2093 926 incarna-

589 942 705 985 tione
755 940 921 984 nedum
974 939 1259 983 universalem
1294 948 1335 984 et
1368 945 1635 982 constantem
1670 938 1813 989 fuisse,
1851 940 1925 984 sed
1955 942 2088 987 etiam

591 1002 632 1045 in
683 1000 775 1046 dies
820 1009 1080 1045 crescentem
1130 999 1489 1059 quandoquidem
1539 999 1688 1043 mortis
1741 1015 1843 1044 suae
1894 1009 2092 1060 tempore

590 1061 750 1105 Eadem
786 1062 909 1104 sic-uti
944 1063 1074 1105 Beata
1109 1062 1395 1111 retinebatur,
1433 1068 1477 1103 et
1511 1060 1642 1103 veluti
1679 1059 1785 1111 tatis,
1815 1060 1908 1105 licet
1948 1063 2090 1119 priva-

592 1121 943 1173 tim‚coiebatur.
984 1123 1148 1165 Verum
1181 1121 1297 1179 quod
1332 1120 1630 1164 excellentiam
1657 1121 1905 1164 huiusmodi
1929 1124 2089 1168 Famae

591 1183 858 1227 demonstrat
893 1191 955 1226 cst,
989 1182 1179 1240 profecto
1212 1182 1331 1240 origo
1365 1180 1578 1232 eiusdem,
1606 1188 1649 1224 et
1673 1187 1716 1224 ut
1741 1180 1796 1224 ita
1820 1181 1958 1225 dicam
1979 1183 2094 1228 basis

592 1243 722 1293 iilius,
761 1251 802 1285 et
836 1244 1186 1294 fundamentum,
1223 1242 1338 1301 quod
1373 1249 1490 1285 certe
1525 1256 1611 1284 non
1647 1241 1724 1285 suit.
1759 1240 1942 1286 incertus
1968 1244 2084 1302 vulgi

593 1318 756 1351 rumor,
795 1311 866 1346 aut
903 1303 1121 1360 privatum
1154 1303 1347 1347 studium
1380 1316 1533 1345 eorum
1566 1317 1754 1360 quorum
1790 1302 1993 1347 intererat
2013 1306 2090 1349 Fa-

593 1378 707 1406 mam
743 1363 861 1416 ¹hanc
912 1377 1150 1420 propagare
1171 1396 1180 1412 ,
1217 1371 1259 1406 et
1292 1362 1440 1406 fulcire
1462 1396 1471 1413 ,
1509 1362 1583 1406 sed
1618 1379 1643 1406 e
1676 1372 1823 1406 contra
1857 1364 1984 1407 unice
2006 1399 2016 1416 ,
2054 1375 2095 1410 et

592 1423 810 1467 exclusivo
842 1439 973 1481 super
1006 1422 1187 1465 heroicis
1220 1423 1379 1466 Sei-vae
1414 1422 1495 1465 Dei
1531 1423 1777 1474 virtutibus,
1816 1431 1858 1467 et
1890 1427 2089 1483 supernis

594 1483 927 1528 charismatibus
960 1482 1113 1527 cadem
1150 1483 1296 1526 innixa
1330 1491 1439 1527 erat.
1477 1482 1544 1527 Sic
1576 1483 1713 1526 Testis
1748 1485 1781 1527 ΙΙ
1818 1483 1998 1541 loquens
2040 1486 2095 1530 de

593 1545 859 1603 argumentis
893 1559 970 1588 seu
1019 1544 1074 1587 de
1119 1544 1285 1602 origine
1328 1543 1471 1587 dictae
1504 1544 1664 1587 Famae
1696 1543 1942 1588 Sanctitatis
1987 1546 2094 1591 hacc

594 1606 760 1665 profert
795 1605 984 1665 (Summ.
1007 1620 1131 1648 num.
1152 1606 1271 1649 XVI!
1293 1620 1390 1663 pag.
1415 1603 1494 1646 444
1512 1637 1521 1647 .
1549 1603 1677 1663 4⁴42.)
1709 1625 1723 1642 a
1748 1606 1807 1649 La
1838 1604 1986 1648 Madre
2009 1609 2097 1650 Ma-

599 1687 615 1705 »
645 1666 708 1710 ria
743 1666 797 1710 de
831 1667 871 1710 la
905 1665 1071 1710 Troehe
1105 1665 1150 1709 di
1184 1667 1269 1710 San
1305 1666 1539 1722 Giuseppe‚
1577 1664 1655 1707 che
1690 1664 1729 1709 fu
1766 1665 1806 1710 ia
1840 1680 1915 1708 sua
1950 1667 2093 1724 prima

602 1748 617 1766 »
645 1742 884 1786 compagna
919 1728 988 1771 nel
1022 1726 1216 1778 Canada,
1253 1726 1445 1770 scriveva
1482 1725 1580 1769 neii’
1604 1741 1717 1768 anno
1767 1726 2093 1771 milieseicento-

602 1809 618 1827 »
646 1787 984 1846 cinquantadue:
1022 1789 1126 1830 -La
1162 1795 1305 1830 nostra
1339 1786 1485 1830 Madre
1518 1786 1556 1830 sa
1590 1786 1689 1844 ogni
1725 1786 1875 1844 giorno
1909 1789 2092 1832 meravi·

603 1870 618 1888 »
647 1849 767 1908 gliosi
803 1849 1015 1907 progressi
1067 1848 1180 1892 neila
1223 1847 1366 1899 virtu,
1417 1847 1508 1890 Ena
1540 1861 1747 1891 conserva
1795 1854 1919 1891 entro
1959 1848 1985 1891 il
2020 1865 2096 1893 suo

603 1931 619 1949 n
646 1926 792 1962 cuore,
829 1910 885 1954 ad
920 1909 1166 1953 imitazione
1198 1908 1312 1953 della
1344 1907 1596 1953 Santissima
1629 1908 1833 1966 Vergine‚
1872 1916 1980 1952 tutto
2013 1909 2093 1961 cio,

604 1991 620 2010 ι
648 1971 726 2015 che
760 1971 813 2014 da
848 1971 933 2014 Dio
967 1970 1092 2014 viene
1126 1978 1304 2028 operato
1339 1969 1380 2012 in
1404 1969 1495 2019 Lei,
1522 1984 1545 2010 e
1570 1983 1654 2010 non
1682 1969 1721 2011 lo
1743 1968 1939 2026 produce
1964 1978 2096 2013 ester-

603 2052 620 2070 »
649 2039 870 2083 namente,
909 2032 987 2075 che
1021 2030 1240 2074 mediante
1276 2031 1303 2074 il
1339 2030 1458 2073 buon
1494 2029 1631 2072 odore
1685 2028 1762 2071 che
1797 2029 1971 2073 intorno
2004 2046 2028 2073 a
2054 2030 2099 2074 se

606 2113 621 2132 ι
651 2092 911 2136 diss'onde.-
960 2092 1156 2136 Madama
1198 2091 1253 2134 de
1303 2090 1340 2133 la
1374 2089 1563 2137 Peltrie,
1617 2096 1717 2132 nata
1751 2088 2005 2147 Maddaiena
2041 2090 2095 2134 de

607 2174 622 2192 ι»
649 2153 921 2210 Chauvigny‚
959 2168 1033 2195 sua
1068 2152 1219 2194 intima
1252 2150 1517 2199 considente,
1544 2149 1711 2192 diceva:
1736 2151 1811 2192 -E
1845 2164 1930 2192 una
1964 2151 2097 2195 bene-

606 2235 621 2253 „
650 2213 820 2256 dizione
854 2213 899 2255 di
935 2211 1180 2269 posscderia
1215 2219 1275 2254 tra
1310 2211 1397 2261 noi,
1437 2212 1534 2253 Essa
1569 2210 1593 2252 ὸ
1627 2209 1846 2253 eminente
1870 2209 1911 2252 in
1947 2226 2093 2256 amare

604 2294 619 2312 1,
648 2273 808 2324 coloro,
846 2273 924 2315 che
959 2272 997 2314 le
1030 2286 1156 2314 recan
1190 2271 1400 2330 disgust03
1441 2270 1538 2314 vive
1561 2269 1603 2313 in
1631 2286 1688 2313 un
1712 2270 1880 2329 grande
1911 2270 2098 2316 distacco

602 2354 618 2373 »
647 2333 703 2377 da
739 2341 852 2377 tutto
886 2332 967 2384 cio,
1004 2332 1082 2375 che
1116 2347 1202 2374 non
1235 2332 1259 2375 ὸ
1293 2332 1391 2384 Dio,
1431 2331 1472 2374 in
1509 2346 1564 2373 un
1600 2339 1793 2375 costante
1830 2331 2094 2377 abbandono

602 2414 619 2434 »
648 2393 761 2437 neila
798 2393 957 2437 Divina
991 2392 1300 2442 Provvidenza‚
1338 2393 1381 2435 in
1418 2407 1502 2436 una
1533 2408 1655 2450 pace,
1693 2392 1747 2435 ed
1782 2393 1824 2435 in
1861 2408 1943 2437 una
1988 2402 2100 2438 tran-

604 2475 619 2494 »
647 2454 816 2513 quiliita
849 2454 894 2498 di
928 2469 1057 2498 cuore
1091 2454 1402 2505 irremovibile,
1442 2453 1484 2496 in
1522 2453 1590 2496 un’
1612 2453 1804 2497 abituaie
1829 2469 2032 2511 presenza
2050 2455 2095 2499 di

603 2535 620 2555 »
648 2515 795 2558 Dio.—
828 2516 888 2559 La
921 2531 996 2559 sua
1045 2514 1184 2572 prima
1234 2514 1468 2572 Superiora
1491 2548 1501 2566 ,
1539 2513 1578 2557 ia
1612 2513 1757 2558 Madre
1789 2516 2022 2559 Franeesca
2056 2515 2099 2560 di

604 2596 621 2616 »
649 2577 736 2621 San
771 2577 997 2621 Bernardo
1031 2592 1054 2619 a
1087 2576 1239 2627 Tours,
1276 2575 1442 2620 dieeva:
1480 2583 1748 2619 cet-tamente
1781 2575 1859 2619 che
1893 2575 1933 2618 io
1968 2591 2096 2634 posse

603 2657 619 2677 n
648 2637 879 2681 chiamarla
912 2639 1055 2687 Santa,
1094 2644 1266 2680 mentre
1300 2638 1398 2680 Essa
1432 2636 1486 2680 ha
1510 2636 1544 2680 si
1566 2637 1683 2694 larga
1709 2643 1832 2694 parte
1856 2635 1938 2680 atta
1964 2638 2099 2682 Croce

608 2719 624 2738 »
651 2698 723 2742 del
755 2698 977 2742 Salvator-e
998 2731 1007 2748 ,
1045 2697 1100 2741 ed
1135 2697 1188 2741 ha
1220 2698 1253 2740 si
1287 2698 1453 2756 grande
1492 2712 1640 2740 amore
1676 2712 1749 2755 per
1784 2697 1814 2739 li
1850 2697 2094 2755 patimenti.

607 2780 623 2799 »
652 2759 709 2802 La
744 2759 891 2803 Madre
926 2759 972 2803 di
1004 2760 1135 2803 Santa
1168 2759 1322 2802 Chiara
1355 2757 1605 2817 giungeudo
1628 2774 1652 2801 a
1676 2758 1857 2813 Quebec
1881 2758 2098 2803 neli’anno

607 2840 624 2860 ι
651 2820 1174 2879 milleseicentoquaranta
1199 2854 1209 2871 ,
1246 2820 1372 2871 dice,
1409 2820 1488 2863 che
1524 2818 1725 2862 vedendo
1758 2818 1797 2861 la
1833 2818 1977 2862 Madre
2012 2820 2100 2863 dei-

612 2902 628 2921 »
656 2881 990 2925 i'lncarnazione
1024 2895 1164 2924 venne
1197 2897 1220 2924 a
1253 2880 1468 2938 respirare
1503 2895 1557 2923 un
1582 2887 1698 2923 certo
1721 2879 1854 2923 odore
1876 2879 1919 2923 di
1943 2881 2100 2925 santita

614 2962 631 2981 ι
658 2942 736 2986 che
770 2943 810 2986 la
842 2942 1175 2987 imbalsamava.
1211 2943 1270 2985 La
1302 2941 1448 2985 Madre
1482 2940 1638 2986 Cecilia
1662 2940 1708 2984 di
1730 2940 1861 2985 Santa
1882 2941 2032 2994 Croee‚
2063 2943 2105 2986 la
