2632 3584
516 225 546 269 2

515 300 683 358 lapsum
736 297 890 342 idonea
945 305 1230 354 argumenta,
1262 300 1642 359 Auctoritatesquc
1677 302 1878 348 deficare.
1923 307 2036 351 tttud

514 359 731 419 siquidem
768 357 947 402 inficiari
984 372 1069 400 non
1106 366 1262 416 potest,
1299 368 1427 418 atque
1461 361 1591 404 etiam
1627 362 1739 406 ultro
1773 366 2040 410 admittimus

515 421 662 480 primi,
689 435 736 463 ac
769 417 946 463 secundi
982 417 1145 461 ordinis
1182 427 1306 462 testes
1342 420 1384 462 in
1418 430 1645 479 praesente
1671 424 1805 467 Causa
1832 424 2033 478 deiicere,

513 481 589 525 sed
624 478 728 539 quid
763 478 866 523 inde
902 478 1032 535 possit
1067 478 1435 536 praeclarissimus
1466 483 1629 526 Censor
1661 482 1871 541 legittime
1905 485 2040 532 dedu-

511 557 608 586 cere
642 556 742 584 sane
779 555 862 582 non
900 538 1042 582 video.
1071 539 1161 582 Non
1197 541 1312 583 enim
1350 540 1391 583 in
1429 543 1770 599 praesentiarum
1804 544 1859 587 de
1906 547 2035 591 mira-

513 602 617 645 culis
660 601 803 659 agitur
835 599 887 643 ad
924 614 1109 657 quorum
1135 600 1406 657 legittimam,
1436 617 1483 645 ae
1519 602 1703 646 validam
1734 605 2040 662 probationem

516 671 643 706 testes
676 662 732 707 de
765 660 860 703 visu
896 661 1131 703 necessario
1156 662 1453 720 requiruntur,
1474 662 1548 706 sed
1576 663 1715 721 potius
1741 680 1942 722 praesens
1961 667 2042 713 hoe

513 723 698 767 dubium
736 729 873 764 totum
910 729 971 763 est
1007 720 1062 764 de
1095 723 1260 765 Causae
1294 722 1616 767 introductione
1660 723 1713 767 ad
1753 725 2039 772 obtinendam

510 800 533 827 a
568 782 847 829 Sanctissimo
883 781 1071 825 Domino
1106 783 1258 825 Nostro
1292 783 1558 841 signaturam
1592 785 1916 829 commissionis
1957 804 2035 844 pro

510 844 650 889 dietae
683 859 835 888 causae
869 841 1203 886 introductione.
1244 845 1330 886 iam
1368 858 1469 887 vero
1502 844 1698 903 quisquis
1722 845 1788 888 vel
1825 863 1847 889 a
1882 846 2033 893 limine

510 905 636 949 buius
670 903 776 948 sacri
812 903 891 946 fori
930 902 1043 959 teges
1077 910 1117 944 et
1149 903 1321 947 decreta
1370 904 1677 962 praelibaverit
1718 913 1833 949 certo
1877 909 2035 953 certius

509 965 726 1023 cognoscit.
758 963 813 1007 ad
848 963 927 1006 boc
960 962 1250 1007 obtinendum
1286 979 1364 1008 nec
1399 973 1524 1008 testes
1557 965 1611 1009 de
1648 965 1737 1020 visu
1753 969 2031 1013 enecessarios

508 1042 616 1078 esse,
634 1041 712 1069 nec
736 1024 829 1068 ilios
852 1023 928 1083 qui
947 1023 1003 1067 de
1022 1023 1176 1066 auditu
1199 1040 1223 1067 a
1243 1024 1493 1068 videntibus
1516 1026 1722 1074 existunt,
1741 1026 1815 1070 sed
1843 1027 2034 1074 sufficere

509 1095 636 1131 testes
654 1086 709 1130 de
726 1084 876 1129 auditu
897 1084 971 1143 qui
995 1098 1092 1127 cum
1112 1084 1297 1128 historiis
1310 1086 1543 1137 coniuncti,
1561 1095 1603 1130 et
1618 1087 1911 1130 monumentis
1928 1105 2032 1132 con-

512 1145 819 1205 temporaneis,
848 1145 913 1189 bis
931 1144 1109 1203 aliisque
1134 1146 1446 1197 consimilibus,
1469 1145 1747 1191 sufficientem
1772 1148 2035 1192 constituunt

508 1207 811 1267 probationem
836 1220 968 1265 quam
995 1204 1150 1249 idcirco
1172 1206 1478 1251 subsidiariam
1512 1207 1749 1266 appeliant.
1775 1207 1823 1252 td
1847 1208 1915 1252 vei
1946 1209 2035 1267 ipse

508 1269 614 1312 luris
650 1266 782 1311 nostri
818 1266 1066 1311 Moderator
1098 1266 1314 1316 admittit,
1352 1276 1395 1310 et
1430 1267 1588 1312 fatetur
1621 1268 1663 1312 in
1698 1268 2036 1325 praeclarissimo

512 1345 589 1373 suo
624 1342 756 1386 opere
789 1327 844 1371 de
861 1329 1096 1372 Servorum
1133 1329 1211 1370 Dei
1249 1327 1588 1378 Beatiticatione,
1611 1337 1652 1372 et
1687 1330 1918 1373 Beatorum
1969 1332 2034 1374 ja-

508 1390 798 1439 nonizatione,
826 1389 868 1431 in
903 1402 1006 1445 quo,
1035 1387 1144 1431 facto
1178 1404 1255 1431 suo
1291 1389 1443 1446 probat
1478 1389 1595 1447 quod
1631 1388 1807 1433 affirmat
1846 1389 1902 1433 ita
1935 1391 2037 1434 scri-

506 1451 629 1495 bens.
656 1477 684 1484 -
707 1451 821 1493 Dum
859 1448 1070 1505 [tingebat-
1105 1464 1286 1492 munere
1314 1449 1434 1494 Fidei
1457 1449 1733 1499 Promotoris,
1757 1458 1795 1493 et
1822 1450 2036 1506 agebatur

507 1511 563 1555 de
597 1509 911 1554 introducenda
945 1510 1080 1552 Causa
1115 1509 1462 1561 Beatiflcationis,
1485 1519 1527 1554 et
1549 1510 1895 1555 canonizationis
1921 1512 2030 1554 Ven.

507 1574 666 1617 Sorvae
700 1571 780 1615 Dei
818 1573 1003 1614 toannao
1036 1571 1282 1614 Franciscae
1332 1572 1521 1615 Fremiot
1554 1572 1610 1615 de
1657 1571 1835 1615 Chauta!
1859 1607 1868 1621 ‚
1905 1570 2029 1621 dixi;

509 1649 594 1676 non
634 1648 724 1676 esse
771 1630 1028 1689 signandum
1063 1632 1421 1675 commissionem
1467 1632 1815 1683 introductionis,
1853 1646 1953 1676 cum
1994 1631 2035 1674 in

513 1708 712 1752 processu
760 1692 980 1736 ordinario
1025 1708 1108 1734 non
1144 1701 1285 1736 essent
1327 1693 1560 1737 examinati
1596 1708 1724 1750 super
1759 1695 1889 1736 Fama
1929 1694 2037 1737 San-

506 1754 676 1803 ctitatis,
714 1761 846 1856 attrlue
882 1752 1115 1795 virtutibus
1152 1754 1229 1795 nisi
1267 1761 1391 1796 testes
1425 1754 1568 1804 auriti,
1597 1770 1649 1798 eo
1678 1754 1778 1812 quia
1814 1768 2035 1811 processus

507 1814 643 1858 suerat
678 1829 757 1857 con
781 1821 896 1856 ectus
932 1813 1057 1870 longe
1092 1822 1182 1870 post
1219 1814 1387 1856 obitum
1423 1815 1584 1858 Sorvae
1618 1814 1735 1865 Dei;
1774 1814 1829 1857 ita
1867 1821 1912 1855 ut.
1948 1830 2034 1857 uno

511 1876 734 1919 oculorum
767 1874 982 1924 coniectu,
1002 1874 1297 1933 unusquisque
1320 1891 1575 1932 cognoscere
1599 1883 1758 1934 posset,
1780 1873 1946 1917 nulium
1973 1883 2036 1918 te-

506 1945 614 1979 stem
651 1935 911 1980 occuitatum
947 1950 1077 1992 super
1112 1935 1343 1979 virtutibus
1377 1936 1717 1979 examinandum
1753 1936 1794 1978 in
1829 1950 2030 1993 processu

507 1997 752 2055 Apostolico
776 2011 900 2054 posse
925 1995 1118 2053 reperiri;
1141 1997 1260 2054 quod
1284 1997 1383 2040 satis
1408 1997 1512 2039 mibi
1532 1996 1764 2040 videbatur
1786 2011 1865 2054 pro
1889 1996 2035 2040 exclu-

507 2057 651 2102 denda
685 2058 902 2115 signatura
936 2056 1277 2107 Commissionis,
1319 2065 1468 2115 utpote
1501 2074 1612 2117 quae
1648 2057 1751 2101 nihil
1786 2064 1895 2100 esset
1929 2073 2031 2115 pro-

508 2118 669 2168 futura,
708 2133 805 2161 cum
844 2119 885 2161 in
921 2133 1063 2168 causa,
1093 2126 1217 2174 prout
1250 2127 1340 2162 erat
1377 2118 1446 2161 itta
1480 2119 1639 2162 Sci-vae
1673 2119 1770 2168 Dei,
1796 2132 1906 2177 quac
1931 2133 2031 2176 pro·-

507 2179 619 2223 cedit
666 2195 743 2237 per
777 2179 890 2222 viam
928 2194 1011 2221 non
1045 2178 1201 2227 cuitus,
1231 2194 1313 2222 non
1348 2177 1557 2222 sufficiant
1590 2179 1643 2222 ad
1679 2179 1858 2222 virtutes
1881 2178 2028 2228 auriti,

506 2240 582 2284 sed
620 2240 898 2299 requirantur
933 2247 1061 2283 testes
1102 2240 1274 2283 oculati.
1328 2240 1443 2283 Haec
1489 2248 1632 2283 tamen
1682 2238 1897 2299 oppositio
1943 2253 2032 2281 non

508 2301 586 2344 suit
624 2301 730 2344 tanti
767 2300 951 2348 roboris,
990 2316 1038 2344 ac
1072 2301 1298 2351 momenti,
1324 2308 1369 2343 ut
1403 2300 1631 2344 excludere
1667 2300 1854 2358 potuerit
1878 2299 2035 2356 Signa-

509 2371 650 2405 turam
685 2361 1040 2409 Commissionisz
1078 2375 1175 2403 cum
1213 2375 1471 2419 perpensum
1508 2361 1651 2411 fuerit,
1682 2360 1887 2418 possibite
1917 2375 2027 2410 esse,

509 2430 555 2465 ut
590 2422 632 2464 in
668 2422 941 2466 processibus
975 2422 1228 2480 Apostolicis
1260 2421 1446 2465 subinde
1479 2421 1773 2471 conficiendis,
1810 2421 2031 2464 historiam

506 2490 788 2526 monumenta
823 2491 1202 2541 contemporanea,
1230 2483 1597 2526 Cont'cssariorum
1634 2485 1791 2528 Servae
1815 2481 1894 2524 Dei
1925 2490 2032 2523 atte-

507 2544 728 2595 stationes,
766 2552 808 2586 et
842 2543 925 2587 ntia
962 2544 1025 2587 his
1057 2543 1297 2586 consimilia
1335 2544 1648 2594 invenirentur,
1676 2560 1784 2602 quae
1799 2542 2031 2585 coniuncta

510 2604 690 2648 testibus
723 2605 778 2648 de
823 2604 976 2648 auditu
1020 2603 1300 2648 sufficientem
1345 2605 1655 2648 constituerent
1706 2603 2027 2662 probationem.

508 2665 627 2724 (Lib.
666 2667 715 2709 ΙΙ.
753 2667 862 2725 Cap.
901 2666 1088 2709 XXXVI
1122 2682 1166 2709 n.
1206 2666 1303 2724 ²17.)
1337 2665 1466 2721 Quod
1500 2665 1678 2724 quidem
1699 2665 1895 2708 laudatus
1923 2666 2031 2706 Pon-

507 2725 609 2769 tifex
643 2726 872 2771 confirmat
906 2726 970 2769 his
1002 2742 1114 2785 quae
1147 2734 1406 2786 sequuntur.
1429 2728 1552 2769 -Pro
1599 2742 1684 2785 qua
1737 2725 2030 2783 assumptione

507 2786 684 2832 sortasse
730 2787 916 2832 militare
948 2796 1125 2847 possunt
1157 2788 1433 2846 Apostolicae
1477 2788 1660 2831 Litterae
1700 2787 1937 2831 innocentii
1974 2786 2030 2828 tv

507 2848 623 2907 apud
662 2848 967 2893 Bottandianos
1005 2850 1058 2894 ad
1085 2849 1201 2893 diem
1241 2850 1295 2893 17
1330 2849 1425 2892 Maii
1462 2858 1566 2892 tom.
1605 2850 1649 2892 4.
1672 2865 1770 2908 pag.
1794 2850 1852 2892 38
1875 2856 1917 2891 et
1949 2848 2024 2891 39.
