2664 3584
637 333 813 391 gionem
848 335 978 378 veluti
1015 334 1166 378 Civilis
1199 335 1424 379 Societatis
1465 335 1578 380 bono
1601 371 1610 388 ,
1651 346 1690 380 et
1740 341 1984 397 progressui
2023 343 2167 389 inimi-

638 408 733 437 cam
768 403 1088 453 repraesentare
1113 395 1267 439 iniuria
1292 405 1503 440 conantur
1527 413 1573 440 ae
1600 398 1834 456 Religiosos
1859 399 2052 446 homines
2074 404 2169 449 des-

641 455 869 512 picientes,
911 455 1001 498 ilios
1036 456 1092 499 ad
1127 456 1314 513 quodvis
1348 458 1512 500 bonum
1553 467 1682 517 alque
1717 460 1820 502 utile
1855 475 1960 517 opus
1997 463 2164 522 ineptos

640 515 886 567 traducunt,
915 532 962 559 ac
984 532 1062 575 per
1085 532 1304 560 summum
1341 518 1459 561 nefas
1483 519 1746 563 sanctissima
1781 536 1981 580 quaeque
2016 525 2169 569 Catho-

636 575 742 618 licae
767 576 976 619 Ecclesiae
1002 577 1195 621 instituta
1220 579 1434 622 diabolico
1460 578 1600 623 furore
1626 596 1649 623 e
1674 580 1816 624 medio
1843 581 2070 626 nitituntur
2092 588 2169 630 eli-

635 636 817 680 minare.
842 638 989 695 Itaque
1024 638 1135 681 fa'citi
1171 655 1272 683 sane
1307 639 1480 698 negotio
1514 641 1753 698 explicatur
1786 657 1976 700 quanam
2004 646 2167 691 ratione

633 698 875 754 contigerit,
906 706 951 741 ut
973 699 1061 742 duo
1095 708 1190 758 post
1224 700 1391 744 saecula
1427 717 1449 743 a
1485 701 1592 744 sotici
1628 703 1787 745 Sei-vae
1825 704 1901 744 Dei
1941 705 2071 748 Maria
2108 709 2164 750 ab

635 759 939 803 incarnatione
973 760 1169 810 transitu,
1210 761 1465 811 universale,
1489 770 1530 804 et
1565 777 1773 820 perquam
1809 762 1966 806 ardens
2000 765 2041 808 in
2079 775 2168 810 toto

635 826 848 863 terrarum
886 821 1019 873 Orbe,
1044 822 1273 879 praecipue
1299 838 1401 865 vero
1426 823 1468 864 in
1495 823 1646 871 Gallia,
1669 832 1710 865 et
1732 823 1932 867 America
1967 826 2167 884 Septem-

633 880 802 923 trionaii
838 881 1070 924 excitatum
1105 882 1158 924 sit
1191 883 1381 926 studium
1415 883 1556 941 quoad
1592 884 1776 927 Causam
1817 884 1957 937 dietae
2008 888 2163 931 Famu-

632 941 697 984 lae
736 941 812 983 Dei
850 942 1215 999 promovendam.
1253 945 1346 986 Non
1393 943 1508 986 enim
1558 945 1808 988 naturaliter
1860 944 1902 987 id
1952 947 2159 1003 explicari

633 1016 758 1059 posse
794 1002 996 1053 videtur,
1036 1003 1289 1061 praesertim
1327 1004 1360 1047 si
1397 1003 1598 1048 adiuncta
1632 1020 1836 1063 quaeque
1885 1008 2034 1050 aetatis
2083 1025 2169 1067 qua

631 1061 815 1105 vivimus
849 1063 1105 1121 gravissima
1142 1073 1308 1108 mature
1353 1065 1710 1123 perpendantur,
1748 1066 1825 1109 scd
1861 1065 1913 1109 ad
1950 1068 2162 1112 Divinum

631 1138 809 1181 prorsus
846 1124 1082 1181 impulsum
1117 1125 1453 1183 confugiendum
1487 1135 1547 1169 est
1582 1126 1638 1169 ad
1686 1126 1764 1170 hoc
1814 1127 2158 1184 expliciandum,

634 1198 719 1227 non
755 1184 863 1228 alius
901 1200 1090 1244 namque
1126 1185 1205 1229 nisi
1243 1190 1358 1230 Deus
1394 1187 1437 1229 in
1472 1187 1593 1230 cuius
1628 1202 1757 1230 man-1
1791 1196 1891 1230 sunt
1928 1189 2072 1232 omnia
2123 1199 2166 1233 et

632 1244 765 1288 corda
799 1246 1030 1289 hominum
1065 1245 1241 1290 eosdem
1279 1249 1377 1291 lieet
1411 1246 1605 1290 diversos
1651 1247 1830 1290 omnino
1852 1281 1862 1298 ‚
1899 1256 1941 1292 et
1996 1250 2166 1294 dissitos

632 1306 723 1349 sive
760 1306 971 1363 positione
1004 1307 1215 1358 locorum,
1254 1308 1343 1351 sive
1379 1308 1580 1366 ingeniO,
1619 1308 1709 1351 sive
1742 1308 1921 1359 studiis,
1960 1318 2002 1352 et
2037 1311 2168 1355 etiam

632 1365 790 1409 addam
827 1367 1035 1425 religione
1070 1366 1174 1426 (non
1210 1368 1365 1413 desunt
1399 1368 1514 1412 enim
1551 1369 1618 1413 vel
1654 1368 1763 1412 inter
1797 1368 2054 1415 etei-odoxos
2091 1373 2167 1430 qui

628 1428 807 1472 Servam
846 1429 923 1471 Dei
960 1437 1238 1481 venerantur,
1277 1429 1463 1488 Eiusque
1498 1429 1872 1473 Beatificationem
1907 1430 2033 1475 avide
2066 1447 2166 1475 con-

629 1488 872 1546 cupiscunt)
909 1489 984 1533 hac
1018 1490 1061 1533 in
1096 1505 1141 1533 re
1175 1491 1401 1534 unanimes
1422 1524 1431 1541 ‚
1468 1498 1510 1532 et
1555 1500 1601 1534 ut
1636 1490 1692 1533 ita
1725 1491 1868 1534 dicam
1916 1502 2161 1550 compactos

633 1548 891 1593 reddiderit.
930 1551 1013 1595 Sed
1048 1550 1104 1594 de
1139 1551 1217 1595 hoc
1251 1552 1366 1595 satis.
1394 1550 1634 1595 Audiamus
1669 1552 1811 1609 potius
1845 1567 1957 1609 quae
1991 1553 2163 1597 obiecta

634 1611 916 1666 praeseferat.

1179 1733 1362 1777 CAPUT
1397 1733 1610 1777 PRIMUM

1115 1846 1192 1896 De
1235 1846 1661 1898 Probacz'om‘buS.

385 1975 590 2020 Animad.
754 1977 826 2020 17.
864 1975 1148 2020 probationes
1182 1975 1512 2033 impugnaturus
1545 1974 1831 2020 Adversarius
1866 1974 2050 2019 eximius
2097 1977 2161 2020 vi-

389 2093 391 2095 ·
455 2036 484 2099 S
515 2039 562 2082 2.
627 2038 759 2082 detur
793 2053 878 2080 una
914 2037 1036 2080 nobis
1069 2037 1302 2080 convenire
1336 2035 1481 2094 quoad
1515 2037 1683 2080 illarum
1717 2034 2039 2087 sufficientiam,
2069 2036 2158 2081 imo

624 2114 799 2158 quoque
834 2097 1165 2142 abundantiam.
1203 2098 1276 2141 Ait
1309 2097 1446 2141 enim.
1481 2124 1509 2132 -
1541 2098 1688 2141 Prima
1721 2098 1862 2141 fronte
1896 2096 2159 2141 documenta

626 2160 789 2204 nedum
812 2167 1060 2217 suppetere,
1089 2158 1167 2202 sed
1190 2165 1232 2201 et
1255 2157 1613 2216 superabundare
1636 2158 1814 2201 dixeris.
1835 2159 1940 2201 Tres
1965 2173 2156 2216 namque

627 2220 893 2265 exhibentur
943 2221 1167 2264 processus
1213 2219 1445 2263 Ordinaria
1479 2219 1744 2263 Auctoritate
1789 2219 1831 2261 in
1882 2220 2158 2273 Quebecensi

625 2282 755 2327 Curia
787 2280 1000 2333 consecti;
1039 2281 1207 2339 primus
1240 2296 1353 2324 anno
1389 2280 1525 2329 4867,
1552 2281 1660 2324 alter
1694 2280 1815 2323 annis
1849 2278 1986 2331 1870,
2016 2279 2151 2332 4874,

626 2343 818 2401 denique
852 2342 1002 2385 tertius
1037 2342 1162 2385 annis
1198 2341 1332 2392 1874,
1360 2349 1403 2384 et
1439 2342 1573 2384 4875.
1600 2340 1687 2386 Sed
1735 2340 2079 2384 animadvertere
2114 2341 2158 2384 in

629 2404 781 2463 primis
815 2412 893 2453 est,
922 2403 1101 2447 Servam
1136 2402 1216 2446 Dei
1252 2403 1293 2446 in
1327 2401 1625 2447 Canadensem
1661 2402 1885 2460 regionem
1919 2401 2158 2459 profectam

629 2466 758 2509 fuisse
790 2479 905 2508 anno
942 2465 1076 2514 4639,
1103 2479 1206 2507 suae
1243 2464 1355 2507 vitae
1378 2463 1710 2521 quadragesimo
1735 2463 1923 2522 (summ.
1950 2478 2049 2521 pag.
2077 2463 2153 2507 46.

627 2526 656 2587 S
692 2526 780 2569 422
813 2525 919 2585 etc.)
969 2525 1317 2569 Adolescentiam
1352 2525 1510 2568 scilicet
1532 2559 1541 2576 ‚
1581 2541 1628 2568 ac
1663 2525 1935 2567 iuventutem
1969 2524 2156 2568 Turonis

630 2595 911 2645 transegerat;
951 2585 1009 2629 ihi
1043 2586 1245 2643 coniugio
1277 2586 1497 2644 copulata,
1535 2586 1592 2629 ibi
1629 2585 1807 2632 viduata
1856 2584 1944 2627 vito
1978 2584 2116 2628 fuerat
2142 2619 2152 2637 ‚

626 2648 689 2692 ibi
724 2648 779 2692 ad
813 2661 970 2692 novem
1003 2663 1140 2691 annos
1173 2647 1283 2690 inter
1315 2647 1537 2690 Ursuiinas
1570 2654 1853 2690 commorata.
1880 2647 1973 2688 Non
2010 2646 2154 2706 itaque

623 2709 818 2766 Quebeci
854 2717 1040 2761 tantum,
1078 2708 1155 2752 sed
1188 2709 1315 2752 etiam
1365 2708 1550 2752 Turonis
1606 2707 1866 2751 instituenda
1910 2707 2150 2765 inquisitio.

624 2772 675 2814 Ει
718 2770 842 2814 huius
893 2770 953 2814 rei
1003 2769 1216 2814 rationem
1264 2769 1455 2814 reddens
1504 2769 1744 2813 auctoritati
1789 2768 2015 2813 Benedicti
2052 2769 2154 2812 xlv

625 2832 794 2876 innixus
828 2832 904 2884 ait,
934 2831 1091 2876 idcirco
1126 2830 1244 2875 enim
1279 2832 1320 2875 in
1357 2830 1697 2889 interrogatoriis
1731 2830 1785 2874 ad
1820 2844 1967 2873 veram
1992 2829 2151 2873 famam

625 2892 966 2953 dignoscendam
1000 2892 1235 2952 inquiritur
1268 2909 1320 2936 an
1361 2892 1607 2937 huiusmodi
1665 2891 1775 2935 fama
1830 2890 2017 2950 viguerit
2065 2906 2151 2934 non
