2616 3536
822 219 914 263 106

831 313 849 334 »
878 308 1084 338 recarono
1117 292 1185 336 all’
1201 291 1338 335 avello
1372 291 1484 336 dove
1533 306 1666 335 erano
1714 297 1821 335 state
1868 291 2048 350 deposte
2093 292 2131 336 le
2174 293 2336 353 spoglie

830 374 848 394 ι
877 353 1049 399 mortali
1083 353 1193 398 della
1228 352 1361 397 Serva
1394 351 1439 396 di
1472 352 1571 403 Dio,
1600 352 1689 395 fece
1735 351 1874 411 api-ire
1922 354 1961 397 la
2008 368 2141 404 cassa,
2189 353 2243 397 ed
2276 370 2335 399 un

831 435 848 456 ι
877 415 1036 474 pittore
1070 414 1240 457 riti-asse
1274 413 1285 456 i
1320 413 1570 457 lineamenti
1607 412 1721 458 della
1762 412 1934 457 delonta
1972 413 1982 456 i
2026 413 2141 472 quali
2184 428 2338 459 aveva-

833 496 850 516 »
878 491 935 519 no
968 481 1220 520 conservato
1254 474 1353 531 quel
1389 474 1533 532 raggio
1566 472 1609 517 di
1645 474 1822 525 maesta,
1845 490 1868 518 e
1890 474 1933 518 di
1968 474 2078 533 gioia
2112 475 2333 527 sensibile,

832 556 849 576 2
877 536 954 580 che
989 535 1030 578 in
1067 535 1140 579 Lei
1174 534 1283 578 erasi
1318 534 1545 578 rimarcata
1580 533 1640 577 fin
1674 533 1946 579 dall'istante
1982 534 2097 579 della
2132 551 2208 579 sua
2232 551 2343 580 mor·-

835 616 851 636 »
881 606 924 641 te
948 596 1031 655 (l).
1066 615 1082 634 ι

954 657 1059 700 130.
1087 655 1159 699 llis
1207 656 1335 699 etiam
1388 654 1491 699 addi
1539 664 1712 714 possent
1761 654 1869 699 aliae
1918 656 2340 702 circumstantantiae

826 732 939 776 quae
973 717 1040 761 vel
1074 716 1385 761 concomitatae
1419 725 1530 767 sunt,
1559 715 1626 759 vel
1662 730 1776 773 pene
1810 715 2062 760 subsecutae
2101 717 2339 775 pretiosum

826 780 870 824 S.
888 780 944 821 D,
969 778 1155 827 obitum,
1182 777 1244 820 uti
1268 786 1365 820 sunt
1389 777 1587 820 nuntium
1611 775 1727 834 quod
1752 776 1858 819 mire
1882 777 2033 820 habuit
2057 778 2196 837 neptis
2213 780 2257 824 S.
2277 780 2333 823 D.

828 847 952 882 noete
975 838 1064 896 ipsa
1083 854 1166 898 qua
1186 836 1257 880 illa
1273 837 1469 885 decessit.
1486 837 1582 881 licet
1606 836 1731 895 longe
1754 837 2112 882 abesset.Pariter
2133 839 2340 884 revelatio

828 916 851 942 a
885 900 978 942 Deo
1003 898 1112 941 l'acta
1144 897 1269 941 alteri
1304 898 1473 941 Moniali
1506 896 1661 941 codem
1698 906 1906 955 tempore,
1934 899 2052 957 quod
2086 900 2221 944 Serva
2255 900 2334 944 Dei

827 958 1041 1003 decedens
1077 974 1154 1002 nec
1187 958 1427 1016 piaculares
1460 974 1619 1017 poenas
1653 959 1894 1017 pertulerit.
1927 960 2014 1005 Sed
2049 960 2111 1004 his
2146 968 2337 1019 praeter-

830 1019 983 1071 missis,
1011 1019 1090 1063 hoc
1123 1034 1258 1062 unum
1284 1019 1580 1063 animadverto
1599 1019 1715 1077 quod
1739 1020 2083 1064 circumstantiae
2106 1035 2217 1080 quae
2242 1037 2334 1079 pre·

832 1080 984 1124 tiosam
1021 1081 1063 1123 in
1097 1088 1324 1138 conspectu
1358 1080 1561 1131 Domini,
1604 1088 1647 1122 et
1697 1080 1918 1124 hominum
1966 1089 2150 1124 mortem
2185 1081 2341 1125 Sorvae

831 1141 915 1184 Dei
951 1141 1115 1185 Sororis
1148 1141 1305 1184 Mariae
1339 1142 1394 1184 ab
1429 1140 1727 1184 incarnatione
1760 1149 1857 1184 sunt
1878 1142 2148 1190 subsecutae,
2177 1141 2231 1185 ad
2266 1159 2336 1186 ae-

827 1216 932 1245 vum
970 1217 1104 1260 usque
1140 1209 1333 1244 nostrum
1368 1202 1696 1260 protrahuntur,
1743 1201 2098 1260 quandoquidem
2134 1202 2234 1246 Eius
2268 1204 2341 1246 in—

828 1263 1088 1305 tercessione
1123 1262 1328 1306 miracula
1361 1279 1383 1306 a
1418 1264 1511 1306 Deo
1543 1263 1636 1305 sine
1673 1261 1991 1307 intermissione
2024 1263 2221 1321 quotidie
2257 1279 2340 1321 pa-

827 1331 1011 1375 trantur,
1029 1322 1145 1366 unde
1178 1323 1337 1366 factum
1370 1331 1433 1366 est
1469 1331 1514 1365 ut
1547 1323 1647 1366 Eius
1682 1322 1794 1367 sama
1820 1323 2053 1368 sanctitatis
2088 1325 2339 1368 universum

827 1398 941 1441 pene
976 1391 1183 1427 terrarum
1217 1384 1367 1427 orbem
1394 1383 1649 1442 pervaserit,
1676 1383 1795 1427 sicuti
1821 1384 2129 1428 concludenter
2158 1385 2340 1428 demon-

828 1452 962 1487 strant
987 1445 1243 1488 innumerae
1262 1444 1357 1488 illae
1375 1445 1544 1488 litterae
1569 1444 1880 1488 Postulatoriae
1904 1461 1983 1503 pro
2005 1445 2211 1488 Eiusdem
2236 1447 2342 1490 Cau-

829 1520 901 1548 sae
924 1505 1249 1550 lntroductione
1282 1506 1474 1550 maximo
1499 1520 1680 1549 numero
1705 1505 1757 1549 ad
1779 1506 1948 1550 S.R.C.
1968 1505 2216 1564 expeditae.

954 1566 1058 1609 131.
1087 1569 1326 1624 Eapropter
1356 1582 1453 1611 eum
1490 1567 1573 1609 iam
1608 1567 1841 1623 probatum
1885 1567 1937 1610 sit
1979 1567 2148 1610 nullum
2184 1565 2337 1609 vitium

828 1626 980 1669 saltem
1015 1627 1294 1670 substantiale
1327 1627 1368 1669 in
1404 1627 1569 1684 triplice
1604 1626 1880 1685 inquisitione
1909 1628 2184 1683 Quebecensi
2219 1626 2340 1670 ades-

829 1702 890 1738 se,
918 1687 1097 1745 insuper
1130 1687 1248 1746 quod
1282 1702 1332 1730 ex
1369 1687 1441 1731 illa
1475 1688 1572 1730 satis
1607 1702 1824 1745 superque
1848 1696 2011 1731 constet
2032 1689 2086 1733 de
2108 1688 2221 1731 fama
2246 1703 2342 1731 san·

826 1747 983 1792 etitatis
1015 1750 1175 1793 Sorvae
1198 1748 1278 1791 Dei
1313 1748 1479 1792 Sororis
1513 1748 1673 1791 Mariae
1707 1748 1761 1791 ab
1797 1748 2109 1800 incarnatione,
2138 1764 2186 1792 ac
2219 1748 2342 1792 deni-

830 1824 916 1867 que
949 1808 1068 1867 quod
1102 1809 1269 1852 nullum
1305 1809 1395 1852 wri
1433 1808 1616 1852 nominis
1651 1809 1915 1852 obstaculum
1951 1824 2004 1852 ex
2041 1809 2090 1852 iis
2115 1823 2340 1865 emergere

827 1870 949 1927 quod
983 1871 1163 1914 Causam
1198 1869 1242 1912 in
1279 1871 1368 1927 ipso
1402 1885 1479 1912 suo
1512 1869 1664 1913 limine
1698 1869 1954 1927 intercipiat,
1992 1870 2093 1913 hinc
2126 1870 2186 1912 nil
2222 1868 2339 1912 aliud

827 1931 1020 1987 profecto
1056 1930 1273 1990 reliquum
1309 1938 1387 1981 est,
1417 1930 1496 1973 nisi
1531 1939 1574 1973 ut
1598 1946 1675 1974 vos
1707 1931 1853 1973 Patres
1878 1931 1970 1974 Effii
2007 1931 2132 1974 sacris
2168 1930 2341 1974 tuendis

826 1991 1001 2035 Ritibus
1033 1991 1270 2049 Praepositi
1306 1990 1383 2035 hoc
1415 1991 1608 2035 unanimi
1642 2006 1850 2035 consensu
1890 1991 2143 2041 decernatis,
2172 1991 2340 2048 signan-

829 2052 931 2095 dam
966 2067 1056 2096 esse
1088 2052 1447 2096 commissionem
1484 2051 1815 2097 introductionis
1855 2053 2017 2096 Causae
2064 2053 2224 2097 Servae
2258 2052 2339 2094 Dei

827 2112 993 2157 Sororis
1026 2114 1182 2156 Mariae
1215 2113 1272 2156 ab
1296 2114 1605 2164 lucar-natione,
1645 2112 1761 2170 quod
1799 2120 1861 2156 est
1889 2112 1931 2155 in
1967 2112 2077 2155 votis
2112 2112 2338 2156 universae

827 2173 1131 2217 Orsulinarum
1153 2173 1374 2225 Familiae,
1398 2175 1588 2232 integrae
1622 2172 1861 2217 Canadensi
1896 2173 2059 2231 regioni
2083 2181 2125 2216 et
2154 2172 2336 2220 Galliae.

824 2249 904 2277 nec
939 2249 1024 2277 non
1058 2235 1335 2278 solertissimo
1370 2236 1469 2279 Eius
1505 2233 1779 2284 postulatori,
1808 2249 1994 2292 quorum
2030 2233 2166 2277 enixis
2205 2234 2344 2292 preci-

826 2295 924 2345 bus,
954 2303 995 2338 et
1029 2310 1148 2339 meas
1170 2295 1434 2340 humillimas
1468 2295 1647 2340 addam.

952 2357 1097 2411 Quare
1132 2366 1215 2400 etc.

1755 2416 2068 2461 CAIETANUS
2100 2415 2331 2459 TADDEl.

1431 2484 1637 2555 Revisa

864 2584 1193 2648 Auqustinus
1229 2582 1359 2633 Adv.
1402 2582 1638 2649 Capram
1671 2582 1726 2633 S.
1769 2584 1831 2633 R.
1881 2581 1936 2633 C.
1968 2582 2207 2633 Ass-‘esser

1197 2659 1246 2702 et
1276 2652 1331 2702 S.
1364 2653 1518 2703 Fidei
1551 2652 1987 2704 Sub-Promotor.

954 2782 1020 2842 (1)
1051 2783 1204 2826 Summ.
1240 2798 1343 2840 paq.
1380 2783 1485 2833 1147,
1526 2783 1613 2826 148
1647 2781 1707 2842 §S
1740 2782 1843 2826 2-8.
