2648 3584
1990 327 2049 370 63

527 404 611 439 tem
646 394 872 454 proferens
895 429 904 447 ,
956 395 1071 454 quod
1108 397 1239 439 Fama
1273 395 1517 441 Sanctitatis
1551 397 1631 441 erit
1663 414 1687 441 a
1724 398 1906 442 testibus
1938 399 2051 443 hene

524 456 724 514 probata,
761 456 794 500 si
828 455 937 499 alter
970 472 1023 500 ex
1057 456 1115 500 eis
1149 456 1356 514 deponat,
1394 473 1440 501 se
1475 457 1515 501 in
1550 466 1670 502 certo
1704 459 1797 504 loeo
1831 458 2045 503 audivisse

524 518 735 576 populum
770 518 1021 575 loquentem
1056 533 1123 561 ex.
1159 533 1225 576 gr.
1264 517 1319 561 de
1351 518 1473 562 Fidei
1508 519 1692 569 virtute,
1729 528 1803 564 aut
1833 519 1888 564 de
1921 520 2049 564 certis

527 579 698 623 actibus
731 577 880 627 Fidei;
917 579 1025 622 alter
1058 593 1160 622 vero
1193 577 1388 636 deponat
1421 595 1465 622 se
1504 579 1547 622 in
1582 579 1665 623 alio
1708 581 1801 625 loeo
1838 580 2050 625 audivisse

524 639 676 699 populi
709 638 1038 682 multitudinem
1073 640 1322 698 loquentem
1358 655 1426 683 ex.
1456 656 1520 696 gr.
1546 640 1603 684 de
1629 641 1786 685 virtute
1811 641 2045 693 eharitatis,

525 707 597 745 aut
629 700 687 744 de
719 699 844 744 certis
878 700 1044 744 actibus
1077 699 1290 743 eharitatis
1312 725 1340 733 -
1384 700 1492 744 ibid.
1520 716 1616 759 cap.
1653 702 1728 745 40.
1757 718 1800 745 n.
1828 703 1855 745 2
1881 735 1890 745 .
1932 703 2044 746 Haec

526 761 719 819 profecto
754 760 886 804 tradit
920 761 1177 805 Benedictus
1209 762 1311 805 XlV
1346 762 1388 804 in
1423 762 1553 805 citato
1577 762 1634 805 ab
1658 762 1915 806 Adversario
1939 762 2046 816 loeo,

525 830 567 865 at
601 837 687 865 non
722 830 838 866 certe
874 822 916 865 in
950 838 1077 866 sensu
1113 821 1303 879 praecise
1336 823 1391 866 ab
1425 824 1485 866 Eo
1519 822 1701 874 intento,
1740 830 1955 881 quatenus
1989 824 2049 866 vi-

524 882 681 927 delieet
718 883 771 926 ad
804 884 920 926 bene
952 882 1228 942 probandam
1253 883 1498 928 sanctitatis
1519 883 1695 928 alicuius
1719 883 1841 929 Servi
1865 883 1946 927 Dei
1970 885 2049 928 Fa-

525 958 640 988 mam
677 944 961 988 necessarium
995 944 1065 994 sit,
1093 952 1138 987 ut
1162 951 1288 987 testes
1311 943 1531 1002 specilieos
1557 944 1766 988 virtutum
1793 951 1909 988 aetus
1927 959 2052 988 enar-

524 1012 635 1056 rent,
673 1012 717 1047 et
749 1005 990 1055 enucleent,
1028 1004 1104 1048 sed
1140 1005 1181 1047 in
1215 1012 1425 1063 quantum
1461 1021 1543 1048 non
1580 1013 1645 1048 est
1666 1021 1838 1049 necesse
1866 1005 1906 1048 in
1935 1004 2050 1049 iudi-

524 1065 588 1109 cio
623 1066 680 1111 de
713 1081 801 1124 quo
835 1065 1002 1124 agimus
1038 1074 1083 1108 ut
1115 1080 1265 1108 omnes
1301 1074 1426 1109 testes
1459 1067 1542 1109 sint
1576 1066 1754 1109 omnino
1789 1066 2043 1116 concordes,

524 1125 613 1169 sive
646 1135 873 1170 contestes.
910 1126 1038 1181 Quod
1076 1134 1117 1168 ut
1152 1134 1360 1184 appareat
1401 1126 1646 1169 evidentius
1681 1126 1800 1169 iuvat
1834 1126 1925 1184 ipsa
1958 1127 2049 1170 lau-

524 1186 610 1231 dati
646 1187 864 1231 pontilicis
901 1188 1030 1230 verba
1064 1186 1244 1230 referre.
1283 1188 1376 1244 lpse
1411 1186 1541 1244 igitur
1575 1194 1806 1245 postquam
1839 1186 2053 1231 declaras-

523 1257 602 1299 set,
639 1248 760 1307 quod
794 1249 894 1291 licet
926 1249 1059 1291 Fama
1082 1247 1135 1292 de
1160 1248 1255 1291 iure
1279 1249 1487 1305 probetur
1509 1247 1627 1291 dieto
1650 1248 1839 1291 duorum
1859 1247 2046 1299 testium,

524 1325 577 1352 ex
613 1309 807 1352 instituto
842 1317 986 1352 tamen
1022 1324 1165 1351 sacrae
1199 1308 1552 1367 congregationis
1585 1324 1662 1351 sex
1696 1316 1768 1352 aut
1801 1316 1896 1351 octo
1920 1315 2049 1353 testes

524 1370 843 1420 examinantur,
883 1369 985 1412 haee
1018 1369 1182 1414 subdit.
1220 1370 1306 1413 Nee
1340 1377 1404 1412 est
1437 1384 1608 1413 necesse
1634 1369 1672 1412 in
1698 1368 1859 1413 iudicio
1883 1369 1939 1412 de
1962 1385 2048 1427 quo

524 1446 639 1474 nune
674 1431 859 1487 agimus,
900 1438 943 1473 nt
977 1438 1106 1473 testes
1139 1430 1223 1473 sint
1246 1430 1424 1473 omnino
1445 1430 1693 1477 concordes.
1721 1430 1812 1474 sive
1839 1437 2046 1479 contestes,-

524 1498 702 1550 possunt
717 1491 833 1534 enirn
854 1506 946 1535 esse
962 1491 1199 1548 singulares
1217 1490 1512 1548 singularitate
1529 1491 1877 1534 adminiculaciva
1895 1505 2047 1549 quem-

524 1551 763 1596 admodum
791 1552 923 1595 habet
946 1552 1217 1595 Farinaceius
1242 1552 1322 1595 loc.
1339 1552 1411 1595 eit.
1435 1568 1479 1609 p.
1501 1550 1607 1603 265,
1635 1560 1678 1594 et
1709 1551 1831 1595 sieuti
1855 1551 1895 1594 in
1918 1567 2056 1609 prae-

524 1613 633 1656 senti
668 1614 847 1656 materia
878 1612 1034 1656 docent
1058 1614 1176 1656 Matt.
1201 1613 1258 1656 de
1281 1613 1527 1657 Canonizat.
1554 1613 1620 1656 lb.
1650 1620 1758 1669 part.
1786 1613 1832 1655 4.
1853 1628 1949 1669 cap.
1975 1612 2049 1656 46.

528 1689 648 1717 num.
688 1674 761 1723 44,
799 1681 932 1732 atque
965 1673 1194 1716 Auditores
1230 1675 1363 1717 Rotae
1398 1674 1439 1715 in
1474 1673 1683 1716 relatione
1705 1674 1751 1717 S.
1779 1672 1920 1717 Caroli
1944 1674 2051 1716 Bor-

523 1735 690 1778 romaei
727 1741 837 1791 part.
875 1734 921 1776 2.
960 1748 1072 1776 vers.
1111 1735 1185 1777 25.
1224 1742 1266 1777 et
1310 1733 1409 1777 ideo
1443 1734 1572 1777 Fama
1606 1733 1849 1778 Sanctitatis
1895 1733 1978 1777 erit
2028 1749 2051 1777 a

529 1795 715 1838 testibus
747 1795 861 1838 bene
896 1795 1077 1852 probata
1110 1809 1206 1838 eum
1230 1795 1408 1852 reliquis
1431 1811 1453 1837 a
1477 1795 1664 1839 Censore
1687 1802 1834 1837 nostro
1852 1794 2048 1838 obiectis.

644 1856 720 1899 95.
760 1856 818 1899 Ex
853 1855 919 1899 his
952 1871 1055 1899 sane
1088 1856 1302 1914 colligitur
1334 1855 1455 1915 quod
1489 1871 1642 1914 scopus
1676 1854 1899 1899 Benedicti
1949 1856 2052 1899 XlV

524 1917 559 1959 is
591 1925 698 1968 erat,
737 1916 854 1975 quod
890 1916 945 1960 ad
978 1917 1094 1960 bene
1127 1915 1403 1975 probandam
1447 1916 1692 1960 Sanctitatis
1737 1917 1917 1959 Famam
1968 1930 2053 1959 non

524 1985 587 2020 est
626 1992 801 2021 necesse
837 1985 882 2019 ut
916 1992 1065 2021 omnes
1099 1985 1140 2019 et
1171 1976 1330 2036 singuli
1367 1985 1494 2020 testes
1527 1977 1582 2021 de
1616 1977 1822 2020 omnibus
1846 1984 1889 2019 et
1911 1976 2055 2036 singu-

525 2039 575 2082 lis
607 2038 818 2082 virtutum
868 2038 1035 2081 actibus
1081 2053 1165 2081 uno
1208 2053 1285 2081 ore
1320 2037 1630 2088 testificentur,
1668 2037 1744 2081 sed
1787 2036 1978 2081 sufficere
2012 2045 2057 2081 ut

526 2099 635 2142 alter
669 2099 726 2142 de
761 2115 845 2142 una
881 2099 1044 2142 virtute
1078 2099 1199 2143 Servi
1234 2099 1316 2141 Dei
1351 2114 1597 2143 sermonem
1633 2099 1823 2149 habeat,
1861 2097 1968 2142 alter
2001 2098 2055 2142 de

526 2160 609 2203 alia
633 2193 642 2210 ‚
692 2167 735 2203 et
776 2160 829 2203 de
870 2160 1091 2203 nonnullis
1124 2159 1319 2203 eiusdem
1353 2160 1521 2204 actibus
1544 2194 1553 2211 ‚
1591 2167 1635 2203 et
1666 2159 1724 2203 ita
1758 2175 1906 2217 porro.
1945 2159 2053 2202 Hine

523 2220 628 2264 nihil
665 2220 851 2264 adducta
888 2220 1107 2264 Pontifieis
1141 2221 1369 2264 auctoritas
1402 2221 1502 2264 lacit
1534 2230 1682 2264 eontra
1715 2236 1792 2264 nos
1814 2255 1824 2272 ,
1862 2220 2057 2278 quando-

528 2281 708 2341 quidem
747 2289 871 2325 testes
903 2282 977 2339 qui
1012 2282 1068 2325 de
1102 2282 1231 2325 Fama
1266 2281 1512 2326 Sanctitatis
1555 2284 1716 2327 Sorvae
1764 2280 1849 2325 Dei
1891 2280 2056 2325 Sororis

523 2342 678 2386 Mariae
702 2343 758 2385 ab
782 2343 1081 2386 incarnatione
1115 2343 1249 2386 verba
1285 2342 1446 2386 faciunt
1480 2358 1564 2386 non
1601 2342 1630 2385 ii
1664 2349 1778 2392 sunt,
1808 2340 2047 2400 (quemad-

526 2404 713 2446 modum
750 2403 924 2447 videtur
968 2403 1151 2447 innuere
1192 2403 1481 2448 Adversarius
1527 2402 1917 2462 praestantissimus
1979 2402 2054 2461 qui

525 2464 749 2522 deponant
783 2463 837 2507 de
871 2465 1002 2508 Fama
1037 2464 1146 2508 adeo
1181 2464 1396 2523 generiea,
1436 2473 1483 2507 ut
1518 2464 1623 2508 nihil
1661 2464 1857 2515 omnino,
1884 2464 1975 2507 sive
1998 2463 2054 2507 de

524 2523 776 2575 virtutibus,
813 2526 906 2568 sive
939 2525 993 2569 de
1027 2540 1177 2569 earnm
1212 2526 1378 2569 actibus
1414 2541 1492 2583 per
1525 2525 1669 2583 iugem
1700 2524 1976 2568 traditionem
2002 2524 2054 2568 ad

527 2593 719 2643 posteros
737 2586 973 2630 deductum
994 2586 1223 2638 l'uerit,sed
1248 2603 1272 2629 e
1295 2596 1445 2630 contra
1465 2601 1562 2629 eum
1583 2585 1639 2629 de
1657 2585 1906 2629 huiusmodi
1924 2586 2058 2629 Fama

528 2646 825 2699 testificantur,
863 2648 993 2691 etiam
1027 2647 1083 2690 de
1119 2647 1350 2690 virtutibus
1383 2649 1543 2693 Sei-vae
1562 2647 1644 2691 Dei
1668 2646 1863 2697 heroicis,
1886 2660 2055 2690 earnm-

529 2722 615 2766 que
660 2709 827 2752 actibus
871 2723 1117 2752 sermonem
1169 2708 1411 2752 instituunt.
1451 2708 1648 2751 lnlinitus
1683 2723 1820 2765 prope
1854 2722 1991 2751 essem
2027 2706 2059 2751 si

529 2768 687 2812 vellem
724 2770 883 2821 onmia,
924 2777 964 2813 et
999 2769 1165 2828 singula
1199 2769 1241 2812 in
1277 2769 1472 2813 medium
1499 2769 1694 2827 prolerre
1715 2783 1830 2827 quae
1853 2776 1979 2812 testes
2002 2767 2058 2812 (16

530 2829 767 2874 virtutibus
798 2832 960 2876 Sei-vae
992 2831 1073 2874 Dei
1108 2830 1410 2889 singularibus,
1449 2846 1598 2874 earum
1638 2845 1690 2873 ue
1724 2829 1889 2873 actibus
1922 2829 2065 2873 disse-

536 2898 637 2934 runt
669 2906 767 2934 eum
792 2891 845 2936 de
868 2894 999 2935 Fama
1033 2892 1277 2937 Sanctitatis
1310 2893 1445 2936 verba
1469 2891 1648 2935 faciunt.
1675 2891 1913 2936 Nonnullos
1936 2890 2069 2948 igitur

537 2951 790 3009 speciminis
836 2953 973 3012 gratia
1017 2953 1271 3012 producam.
1320 2953 1387 2998 Sic
1432 2952 1549 2997 testis
1582 2954 1616 2997 1.
1655 2960 1802 3011 rogata
1835 2951 1891 2996 de
1932 2952 2067 2995 Fama
