2624 3584
1971 273 2030 316 67

524 364 541 384 ι
570 345 671 395 Dio,
709 361 732 389 e
766 346 837 390 del
881 362 958 390 suo
992 347 1204 390 immenso
1237 346 1453 391 desiderio
1487 345 1532 389 di
1566 345 1813 404 obbedirgli
1837 379 1846 395 ‚
1882 345 1934 388 ed
1956 346 2035 390 im-

524 425 541 444 ·
571 406 745 450 molarsi
785 407 838 452 ad
862 409 963 451 Esso
1000 423 1129 452 senza
1168 407 1318 450 alcuna
1337 407 1512 458 risen-va,
1531 423 1556 451 e
1583 407 1860 466 guadagnare
1885 406 2033 450 icuori

524 486 540 505 ι
571 482 595 510 a
629 468 721 511 Lui.
744 469 787 512 Si
823 477 984 512 mostra
1005 483 1159 512 ancora
1180 469 1218 511 ta
1236 469 1341 512 Casa
1373 467 1486 512 della
1521 467 1698 525 Signora
1728 467 1842 511 dela
1873 467 2033 511 l‘eltrie

525 547 542 565 ι
569 527 647 571 che
682 529 793 572 servi
826 529 869 572 di
905 531 1147 573 Monastero
1174 528 1355 572 durante
1404 529 1609 572 dieciotto
1648 529 1750 572 mesi
1784 528 1900 587 dopo
1936 528 2035 572 l'in-

524 607 541 626 »
571 588 725 632 cendio
758 588 983 632 dell'anno
1018 589 1136 633 mille
1164 588 1352 633 seicento
1390 589 1635 647 cinquanta,
1673 606 1696 633 e
1724 590 1837 633 dove
1867 588 2034 633 ril'ulse-

526 668 543 686 »
573 665 620 691 ro
652 649 692 692 la
718 650 953 707 grandezza
987 649 1031 693 di
1066 649 1228 699 animo,
1269 667 1293 693 e
1326 650 1647 707 l'abnegazione
1691 650 1875 694 sublime
1909 649 2028 694 della

530 728 546 748 ι
574 710 723 754 Madre
759 710 1169 754 dell'lncarnazione
1203 710 1240 753 la
1259 711 1386 770 quale
1421 726 1493 754 era
1517 711 1690 754 l'anima
1724 711 1838 755 della
1870 712 2030 755 Comu-

526 789 543 807 ι
571 770 673 813 nita.
709 771 849 815 Niuna
877 771 1089 829 Religiosa
1123 771 1165 814 di
1185 779 1337 830 questa
1354 773 1459 815 Casa
1496 772 1581 829 put')
1615 772 1812 830 ignorare
1833 772 1901 815 tali
1922 771 2031 816 fatti.

526 849 542 867 ι
572 830 625 873 Mi
659 833 832 875 sembra
868 831 1136 890 impossibile
1167 832 1245 875 che
1279 832 1307 875 il
1348 832 1462 876 culto
1506 847 1627 875 verso
1663 833 1701 876 la
1719 834 1852 877 Serva
1875 831 1919 874 di
1957 832 2039 876 Dio

528 910 545 929 ι
574 890 608 933 si
642 891 701 936 sia
734 901 885 951 potato
908 893 995 936 mai
1017 893 1272 937 scaneellare
1308 893 1348 936 in
1373 902 1526 951 questo
1562 895 1798 937 Monastero
1834 892 1875 935 in
1898 908 2039 935 mezzo

527 970 544 989 ι
574 968 597 994 a
634 955 737 997 tami
787 954 1061 997 monumenti
1106 954 1183 997 che
1219 954 1444 998 ricordano
1466 955 1474 997 i
1500 954 1592 998 suoi
1624 954 1817 1004 sacrifici,
1845 970 1869 996 e
1897 953 2041 997 l’croi-

527 1032 543 1048 ι
573 1017 651 1056 che
683 1029 759 1056 sue
792 1015 924 1058 virtu.
947 1015 1087 1059 Credo
1119 1015 1196 1057 elie
1218 1024 1369 1072 questa
1402 1015 1517 1058 l'ama
1536 1014 1580 1058 di
1605 1016 1784 1066 Santita‚
1812 1030 1835 1057 e
1853 1014 1898 1058 di
1925 1014 2040 1058 virtu

529 1091 545 1110 ι·
575 1074 746 1118 eroiclie
781 1074 913 1119 abbia
947 1090 1117 1133 sempre
1151 1075 1312 1119 esistito
1361 1075 1434 1133 piu
1468 1092 1492 1118 o
1526 1091 1656 1120 meno
1700 1077 1766 1119 nel
1818 1090 1944 1134 paese
1967 1109 1976 1126 ,
2015 1091 2039 1118 e

526 1152 543 1171 z·
571 1134 877 1192 specialmente
917 1137 1028 1180 nelle
1075 1136 1244 1180 antiche
1297 1136 1549 1180 Parroccliie
1583 1136 1666 1196 (¹1).
1724 1157 1739 1175 ι»
1777 1138 1921 1194 Atque
1972 1135 2041 1179 hic

522 1209 578 1236 ne
617 1196 784 1254 longior
821 1198 902 1241 sim
937 1197 1089 1241 omitto
1127 1197 1242 1256 loqui
1282 1198 1338 1241 de
1370 1198 1462 1240 aliis
1496 1197 1705 1241 memoria
1727 1197 1884 1255 dignis,
1907 1204 1949 1239 et
1984 1196 2041 1240 de

522 1257 681 1314 quihus
721 1258 817 1301 viva
860 1259 1001 1303 adhuc
1049 1258 1167 1317 apud
1211 1258 1556 1302 sanctimoniales
1600 1259 1902 1314 Quebecenses
1949 1272 2041 1301 me-

522 1320 662 1361 moria
696 1327 828 1371 extat,
866 1320 928 1363 uti
966 1320 1021 1363 (le
1055 1319 1224 1362 fraxino
1268 1320 1349 1363 sub
1381 1336 1464 1379 qua
1500 1320 1633 1364 Serva
1665 1319 1744 1362 Dei
1779 1334 1927 1363 amore
1965 1335 2043 1361 er-

522 1394 575 1437 ga
615 1380 863 1437 proximum
899 1381 1181 1424 exardescens
1212 1380 1436 1425 Silvestres
1471 1380 1633 1439 puellas
1667 1380 1912 1431 e=·ud³·=l›at„.
1937 1378 2042 1423 fidei

524 1440 730 1484 articulos
764 1441 854 1485 illas
886 1442 1086 1492 edocens,
1105 1450 1145 1484 et
1170 1441 1357 1485 honestis
1390 1441 1594 1484 imbuens
1637 1442 1846 1492 moribus,
1885 1457 1932 1485 ae
1966 1456 2039 1498 pa-

522 1500 627 1544 riter
665 1501 719 1545 de
755 1502 920 1555 nitore,
958 1511 999 1545 et
1039 1510 1190 1546 ornatu
1230 1504 1397 1546 Domus
1447 1502 1528 1546 Dei
1570 1503 1626 1546 ab
1661 1503 1750 1561 ipsa
1797 1502 1942 1546 studio
1977 1502 2042 1545 in-

522 1562 745 1606 flammato
776 1563 1015 1623 exquisitis,
1033 1572 1076 1607 et
1100 1564 1376 1622 comparatis,
1398 1572 1439 1606 et
1471 1563 1530 1606 sic
1554 1563 1609 1606 (le
1648 1564 1822 1621 reliquis
1853 1578 1964 1622 quae
1999 1562 2043 1605 in

523 1632 672 1666 mente
694 1624 1032 1682 uniuscuiusque
1054 1624 1277 1682 religiosae
1296 1625 1522 1667 Ursulinae
1545 1625 1840 1678 Quebccensis
1866 1631 2046 1667 manent

522 1685 609 1728 alte
641 1694 828 1742 reposta.
866 1688 1108 1743 Eapropter
1138 1692 1181 1727 et
1213 1684 1633 1729 sanctimonialibus
1682 1685 2043 1740 Qnebecensibus

522 1753 664 1803 potest
702 1747 902 1804 apprime
937 1745 1075 1804 aptari
1108 1746 1245 1803 Magni
1283 1745 1497 1789 l‘ontilieis
1531 1754 1574 1788 ct
1609 1747 1745 1789 Docto
1774 1762 1804 1788 ts
1845 1745 2043 1804 Gregorii

523 1805 701 1850 effatum
735 1807 853 1866 quod
890 1807 1044 1865 legitur
1079 1807 1120 1849 in
1157 1807 1267 1849 libro
1318 1808 1345 1849 5
1381 1806 1686 1864 dialogorum,
1723 1824 1767 1850 u,
1801 1807 1894 1850 iure
1943 1822 2041 1849 cum

523 1868 688 1911 Eodem
738 1868 949 1926 possimus
982 1867 1215 1911 al'lirmare.
1256 1869 1376 1923 Quae
1412 1868 1517 1911 sacta
1559 1883 1671 1910 nunc
1710 1884 1846 1926 usque
1885 1868 1926 1910 in
1962 1883 2045 1910 eo-

523 1929 625 1973 dem
659 1929 914 1972 Monasterio
950 1929 1275 1988 (Quebecensi)
1311 1937 1488 1972 manent
1526 1928 1824 1972 memorabilia
1847 1963 1856 1979 ‚
1894 1928 2041 1986 sicque

523 2005 574 2033 ea
608 2007 629 2033 a
666 1990 1024 2047 praecedentibus
1058 1990 1268 2033 matribus
1288 1989 1441 2033 tradita
1465 2005 1637 2033 narrare
1671 1989 1754 2033 illic
1777 1990 1916 2032 solent
1939 1990 2044 2033 sub-

525 2050 657 2094 tiliter
690 2050 876 2094 iuniores
899 2067 1012 2110 quae
1033 2067 1152 2094 nunc
1184 2059 1283 2094 sunt
1317 2050 1666 2094 sanctimoniales
1705 2051 1909 2108 virgines,
1931 2066 1978 2094 ac
2011 2050 2046 2093 si

524 2112 597 2155 illo
634 2111 675 2154 in
703 2120 897 2169 tempore
930 2112 1044 2157 hisce
1084 2112 1357 2155 mirabilibus
1391 2113 1551 2156 Servae
1587 2112 1668 2155 Dei
1696 2112 1823 2170 gestis
1851 2120 1893 2155 et
1927 2111 2047 2168 ipsae

524 2172 781 2216 adfuissent.

647 2235 722 2277 98.
761 2235 875 2277 llaec
907 2235 1098 2292 profecto
1133 2234 1277 2278 omnia
1315 2233 1525 2277 eiusmodi
1559 2241 1674 2284 sunt,
1721 2242 1765 2277 nt
1797 2233 2043 2293 quemlibet
2077 2233 2282 2278 Animad.

524 2296 604 2338 etsi
638 2311 742 2339 suae
774 2296 993 2352 opinionis
1027 2296 1351 2339 tenacissimum
1386 2303 1558 2352 possent
1593 2310 1668 2351 per
1701 2311 1744 2338 se
1785 2296 2045 2339 convincere
2079 2295 2138 2356 33
2172 2297 2250 2340 42.
2285 2295 2358 2340 ¹l3.

524 2356 579 2400 de
614 2355 841 2400 existentia
878 2358 1036 2400 Famae
1075 2356 1322 2400 Sanctitatis
1355 2356 1489 2399 relate
1524 2354 1577 2398 ad
1613 2356 1693 2399 Dei
1720 2356 1945 2399 Famulam
1969 2358 2049 2401 So-

525 2432 668 2461 rorem
694 2417 872 2461 Mariam
913 2418 971 2461 ab
994 2417 1304 2461 lncarnatione.
1340 2417 1467 2473 Quod
1503 2425 1645 2461 tamen
1681 2433 1764 2461 non
1800 2417 1978 2475 contigit
2002 2418 2045 2460 in

524 2494 626 2522 casu
661 2489 822 2530 nostro,
861 2478 1146 2537 rigidissimus
1182 2493 1371 2538 namque
1409 2480 1571 2522 Censor
1607 2494 1684 2536 pro
1726 2486 1842 2522 certo
1886 2494 2048 2535 suppo-

526 2555 634 2583 nens
665 2539 784 2598 quod
815 2542 992 2584 omnino
1025 2555 1078 2583 ex
1110 2539 1235 2583 dictis
1269 2539 1425 2582 salsum
1468 2539 1715 2590 evincitur,
1768 2555 1899 2597 super
1942 2538 2047 2583 falso

524 2601 771 2645 huiusmodi
805 2601 1027 2659 supposito
1063 2610 1212 2645 contra
1246 2615 1324 2644 nos
1359 2608 1684 2659 argumentatur
1722 2601 1776 2645 ad
1810 2600 1952 2645 dietae
1970 2601 2048 2643 Fa-

525 2677 622 2706 mae
653 2662 926 2706 existentiam
960 2662 1162 2706 radicitus
1194 2661 1522 2705 convellendam
1544 2695 1557 2710 ,
1585 2670 1714 2720 atque
1749 2661 1804 2705 ita
1855 2660 2044 2705 disserit.

524 2723 568 2770 Si
604 2733 689 2766 tam
739 2723 1087 2781 languescentem
1111 2757 1120 2774 ‚
1159 2740 1205 2767 ac
1254 2739 1365 2780 pene
1413 2723 1645 2767 extinctam
1678 2722 1923 2766 Sanctitatis
1956 2723 2046 2766 Fa-

526 2801 642 2829 mam
679 2784 795 2843 apud
832 2801 931 2828 suos
978 2785 1156 2835 videas,
1199 2784 1304 2843 quid
1339 2784 1456 2842 apud
1501 2792 1726 2828 extraneos
1750 2802 1753 2806 ·
1776 2798 1868 2826 esse
1915 2791 2050 2841 puta-

2556 230 2567 241 ιι

2544 270 2567 289 xtt

2544 293 2546 300 '
2565 301 2568 314 t

2556 318 2559 330 ι

2544 354 2546 363 ’
2565 359 2568 370 t

2562 457 2566 473 ἒ

2556 535 2583 549 μ,

2556 553 2577 572 ⁴¹5

2562 573 2565 581 l

2561 589 2565 602 t

2550 605 2581 631 „2

2557 709 2577 733 s

2545 738 2576 750 ,x

2562 753 2578 775 't

2560 780 2565 788 ι

2562 800 2565 808 ι

2545 824 2552 830 ’“
2569 827 2578 838 ⁴t

2589 594 2594 634 ἐ

2589 640 2595 675 ἐ

2588 677 2594 703 t

2589 711 2593 720 ,

2584 723 2593 767 ἑ

2588 771 2594 817 ’ἑ

2556 852 2597 935 vr}

2550 973 2597 1008 *ist

2569 1021 2598 1105 ’,Ἱὶ

2560 1177 2565 1187 0

2567 1200 2576 1210 tt

649 2906 713 2965 (1)
748 2908 902 2951 Snmm.
930 2923 1030 2966 pay.
1060 2908 1148 2950 473
1173 2907 1216 2967 3.
1235 2907 1459 2950 ἨΠ-471.
