2616 3584
604 263 664 306 76

600 342 760 386 ctitatis
795 344 1041 392 obscurent,
1069 355 1162 385 eam
1200 341 1340 399 potius
1374 342 1415 387 in
1451 344 1614 389 maiore
1653 345 1899 406 luce,atque
1934 348 2118 393 eviden-

603 402 661 446 tia
693 403 978 447 constituunt.
1006 403 1167 445 Verum
1203 417 1256 445 ne
1289 417 1367 460 pro
1399 419 1478 448 suo
1513 419 1634 449 more
1658 407 1752 465 lpse
1775 408 2115 454 Animadversor

600 464 732 508 victas
764 464 870 507 dare
905 477 1058 506 manus
1093 461 1305 514 videatur,
1350 463 1463 508 istud
1517 465 1559 508 in
1610 482 1688 511 sua
1729 469 1961 525 sagacitate
2009 470 2115 514 eflu-

599 525 719 582 gium
753 524 934 575 invenit,
963 530 1232 581 praetextum
1258 523 1505 569 huiusmodi
1530 528 1803 585 excogitavit,
1841 531 1959 588 quod
1992 530 2116 575 ‘avide-

598 584 697 628 lieet
730 585 908 642 penuria
944 600 997 627 ne
1018 583 1157 628 dicam
1182 584 1366 628 dilectus
1388 585 1707 640 difficultatum,
1730 597 1771 633 et
1794 590 2110 635 obstaculorum

597 646 640 689 in
675 646 878 696 themate,
907 660 991 688 non
1028 645 1110 689 iam
1146 661 1199 688 cx
1232 661 1356 689 causa
1392 646 1618 692 intrinseca
1650 649 1836 702 derivet,
1876 651 1953 694 sed
1985 652 2112 695 dum-

599 715 711 750 taxat
746 706 985 750 extrinseca
1020 705 1232 758 videlicet,
1263 716 1307 749 ut
1340 707 1457 751 idem
1491 709 1640 752 asserit
1664 726 1760 753 cum
1784 711 1995 771 quidquid
2030 728 2108 755 no-

352 776 558 822 Anfmad‚
597 767 737 812 vimus
771 784 823 811 ex
859 767 943 810 vita
979 767 1164 825 pendeat
1198 784 1221 810 a
1255 769 1300 812 S.
1339 770 1394 811 D.
1437 769 1694 827 conscripta,
1738 779 1780 814 ct
1813 771 1871 814 ab
1904 772 2112 816 historicis

418 838 448 900 S
482 840 557 884 14,
593 830 692 873 Eius
725 828 1021 874 laudatoribus
1055 828 1211 870 mirum
1247 844 1331 872 non
1364 837 1443 879 est,
1486 845 1622 886 pauca
1670 831 1911 875 admodum
1955 834 2113 876 Famae

594 890 797 934 Eiusdem
822 888 1079 937 SanctitatiS‚
1108 905 1155 930 ae
1180 888 1387 932 virtutum
1423 891 1637 933 contraria
1661 892 1714 934 ad
1742 907 1818 935 nos
1842 893 2107 950 pervenisse.

595 952 686 995 lmo
720 950 824 993 nihil
860 948 1095 992 dicendum
1130 958 1395 1006 suppeteret,
1425 950 1501 994 nisi
1526 951 1743 1008 quaedam
1765 953 1807 995 hi
1834 954 1978 997 virtuti
2012 955 2109 998 Ser-

593 1028 673 1056 vae
707 1011 786 1054 Dei
822 1010 1116 1067 deputassent,
1143 1026 1254 1067 quae
1288 1011 1429 1069 potius
1476 1011 1699 1056 sanctitati
1735 1013 1877 1056 minus
1923 1029 2110 1059 consona

592 1072 844 1116 videantur.
870 1069 998 1126 Quod
1032 1069 1213 1128 quidem
1248 1070 1356 1115 facto
1391 1072 1632 1122 confirmat,
1673 1073 1729 1115 de
1762 1074 1920 1131 nuptiis
1953 1074 2112 1119 scilicet

593 1133 648 1177 ab
683 1132 843 1176 Eadem
879 1132 958 1174 Dei
994 1131 1171 1173 Famula
1205 1133 1430 1176 contractis
1462 1141 1610 1175 contra
1644 1134 1725 1175 Dei
1763 1133 2030 1191 propositum
2064 1143 2108 1178 et

594 1194 860 1237 voluntatem
893 1191 950 1235 ad
984 1191 1241 1249 Religiosam
1278 1191 1584 1249 perfectionem
1621 1194 1724 1235 Eam
1763 1193 1969 1237 vocantis.
1992 1214 2007 1232 ι
2039 1194 2111 1238 ΑΙ-

599 1274 616 1295 n
644 1255 743 1298 l'eta
762 1254 805 1297 di
825 1253 925 1296 anni
944 1252 1185 1295 diciassette
1205 1252 1281 1311 (ait
1299 1254 1415 1297 testis
1429 1253 1539 1313 Vll),
1554 1268 1632 1311 per
1648 1252 1856 1296 ubbidire
1874 1253 1912 1297 ai
1931 1255 2019 1297 suoi
2039 1270 2108 1313 ge·

601 1337 617 1355 ι
646 1314 772 1358 nitori
800 1315 896 1357 Essa
916 1314 949 1356 si
974 1312 1096 1369 sposo
1116 1329 1139 1355 a
1158 1315 1211 1356 M.
1245 1315 1395 1357 Mai-tin
1427 1316 1570 1371 agiato
1610 1314 1860 1372 negoziantc
1883 1314 1926 1358 di
1949 1316 2103 1359 Tours.

599 1397 616 1415 .
641 1378 740 1419 Essa
773 1375 807 1418 si
842 1372 1068 1418 abbi-accio
1095 1373 1151 1416 ad
1182 1389 1237 1416 un
1268 1376 1353 1418 tale
1377 1383 1487 1418 stato
1510 1390 1590 1418 con
1615 1389 1738 1418 senso
1762 1375 1806 1418 di
1832 1391 2105 1433 repugnanza

599 1457 615 1475 ι
645 1436 815 1480 avendo
839 1435 995 1478 sentito
1028 1434 1090 1476 sin
1123 1434 1298 1477 dall'eta
1321 1435 1364 1478 di
1391 1435 1448 1478 1-4
1469 1436 1508 1479 ai
1534 1435 1592 1478 15
1616 1436 1716 1477 anni
1741 1435 1857 1479 della
1884 1445 2108 1480 veemente

598 1518 614 1537 ι
645 1496 929 1540 inclinazione
951 1495 1034 1538 allo
1057 1502 1167 1537 stato
1193 1495 1403 1552 lleligioso
1433 1516 1448 1533 ι
1478 1496 1734 1555 (Sum.pag.
1754 1497 1783 1538 8
1805 1496 1850 1556 S.
1878 1496 1973 1555 21).
1999 1497 2106 1553 Qui-

588 1558 671 1602 bus
696 1557 942 1616 praemissis
966 1557 1021 1599 ita
1043 1564 1371 1612 argumentatur
1391 1556 1675 1600 Adversarius
1694 1557 2102 1614 praestantissimus.

592 1619 838 1678 Oportebat
871 1633 973 1660 sane
1008 1616 1234 1659 mulierem
1268 1617 1421 1674 spiritu
1455 1617 1536 1660 Dei
1574 1617 1746 1674 plenam
1772 1633 1902 1675 quam
1937 1618 2102 1669 serunt,

591 1680 725 1729 carni.
753 1695 800 1722 ae
831 1678 1031 1736 sanguini
1065 1677 1307 1720 valedicere
1342 1695 1390 1721 ac
1438 1680 1578 1721 Deum
1615 1685 1839 1720 vocantem
1874 1678 2009 1737 sequi.
2043 1680 2102 1722 Eo

592 1740 658 1784 vel
695 1740 829 1797 magis
853 1738 971 1796 quod
1003 1738 1036 1780 si
1072 1738 1174 1780 alios
1209 1737 1331 1780 audis
1365 1746 1507 1789 testes,
1535 1738 1626 1781 cius
1652 1745 1850 1794 parentes
1874 1754 1959 1782 non
1981 1747 2104 1783 erant

590 1801 689 1845 huic
722 1807 866 1844 sancto
902 1798 1119 1856 proposito
1154 1798 1349 1849 adversi,
1391 1799 1465 1842 sed
1520 1800 1661 1855 potius
1710 1798 1855 1841 eidem
1901 1801 2107 1843 obsecun-

591 1862 778 1906 dasseut.
807 1882 822 1898 α
850 1860 971 1903 Circa
1006 1859 1103 1902 l'eta
1138 1857 1181 1901 di
1219 1859 1275 1901 11
1310 1875 1333 1901 o
1370 1859 1429 1901 15
1463 1859 1566 1902 anni
1603 1858 1679 1915 (ita
1713 1858 1852 1901 Testis
1889 1860 1932 1917 1)
1967 1860 2102 1917 provo

597 1944 614 1962 ι
641 1938 745 1981 gran
780 1923 934 1966 bruma
968 1920 1013 1965 di
1048 1920 1243 1963 rendersi
1278 1919 1508 1977 Religiosa‚
1537 1935 1560 1962 e
1584 1920 1621 1962 la
1654 1934 1730 1962 sua
1752 1919 1957 1976 genitrice
1979 1920 2018 1964 le
2043 1920 2108 1963 in-

595 2006 611 2023 ·
640 1984 737 2028 dieo
773 1983 798 2026 il
834 1984 1071 2025 Monastcro
1105 1980 1148 2024 di
1185 1982 1428 2024 Bcanmont
1463 1980 1576 2024 della
1612 1980 1756 2036 regola
1782 1979 1825 2022 di
1848 1982 1932 2025 San
1968 1983 2104 2026 Beneoe

595 2067 610 2084 a
640 2045 758 2089 detto
788 2064 804 2082 ι
834 2043 1023 2101 (Sumxm.
1051 2058 1147 2100 pag.
1176 2042 1235 2084 99
1257 2041 1300 2101 S.
1333 2042 1393 2102 1).
1411 2041 1538 2097 Quod
1562 2042 1671 2084 alter
1695 2040 1826 2091 testis,
1855 2056 2011 2099 nempe
2034 2044 2092 2093 X,

589 2106 669 2164 ipsi
703 2107 862 2151 Servae
899 2105 977 2147 Dei
1021 2103 1169 2160 culpae
1203 2102 1347 2146 vertit.
1395 2124 1410 2140 ι
1455 2104 1512 2146 La
1560 2101 1649 2145 sola
1697 2101 1917 2146 occasione
1955 2104 1994 2145 in
2029 2103 2098 2148 eui

595 2185 612 2206 ι
643 2181 763 2225 possa
797 2166 1019 2209 sembrare
1052 2165 1129 2207 che
1164 2164 1252 2207 Ella
1288 2179 1372 2207 non
1422 2162 1771 2221 corrispondesse
1822 2163 2107 2219 picnamente

594 2248 610 2266 ι
640 2227 722 2271 alle
759 2226 867 2269 mire
900 2225 1073 2269 sublimi
1109 2225 1186 2267 che
1221 2224 1302 2267 Dio
1337 2239 1472 2268 aveva
1506 2239 1554 2267 su
1590 2222 1633 2266 di
1668 2223 1740 2265 Lei
1766 2223 1798 2265 si
1821 2224 2005 2282 equella
2031 2225 2103 2269 del

594 2309 610 2326 n
641 2304 716 2332 suo
749 2287 1059 2331 collocamcnto
1091 2286 1132 2328 al
1165 2285 1305 2328 secolo
1334 2305 1350 2324 ι
1381 2284 1460 2344 (ibi
1495 2300 1598 2343 pag.
1625 2284 1722 2341 68).

714 2349 817 2392 103.
845 2346 1103 2391 Huiusmodi
1136 2345 1374 2390 difficultati
1409 2360 1639 2404 reponens,
1676 2352 1778 2386 ante
1826 2345 1971 2388 omnia
2019 2346 2106 2389 ad-

589 2418 707 2462 noto,
734 2409 850 2468 quod
885 2408 1050 2452 etiamsi
1085 2407 1181 2450 dari
1216 2407 1269 2450 ad
1305 2406 1623 2450 abundantiam
1662 2404 1921 2449 Adversario
1956 2415 2102 2450 nostro

588 2472 705 2521 velit,
742 2473 923 2515 Servam
959 2469 1038 2513 Dei
1071 2469 1273 2513 Sororem
1310 2467 1486 2511 Mariam
1523 2467 1580 2509 ab
1613 2466 1914 2509 incarnatione
1949 2466 1989 2508 in
2024 2466 2104 2511 hac

586 2548 632 2576 re
664 2531 914 2591 deliquisse,
943 2544 1027 2573 non
1064 2528 1166 2572 inde
1203 2537 1344 2571 tamen
1379 2529 1620 2588 quidquam
1659 2526 1778 2571 ldem
1813 2543 1892 2585 pro
1947 2542 1990 2569 re
2024 2543 2101 2573 sua

582 2592 828 2654 proliceret,
868 2590 1086 2650 siquidem
1119 2590 1366 2647 suppositus
1419 2589 1491 2633 illc
1525 2588 1719 2631 desectus
1757 2587 1812 2630 ab
1851 2587 2012 2631 Eadem
2056 2589 2098 2632 in

581 2655 725 2714 primo
759 2652 993 2697 iuventutis
1027 2666 1126 2695 suae
1149 2650 1252 2693 flore
1276 2650 1488 2695 admissus
1524 2649 1687 2699 suisset,
1715 2657 1756 2692 et
1789 2649 1888 2692 satis
1922 2649 2095 2708 perlon-

579 2733 647 2776 ga,
674 2731 723 2759 ae
756 2714 962 2758 diuturna
1010 2711 1519 2771 quinquagintaquinque
1569 2723 1781 2753 annorum
1827 2709 2099 2767 poenitentia

580 2777 730 2822 fuisset
762 2775 862 2819 satis
896 2789 1111 2832 superque
1145 2774 1315 2816 ablutus
1350 2788 1398 2815 ac
1437 2771 1605 2829 penitus
1627 2771 1809 2814 deletus.
1837 2772 1930 2813 Non
1964 2770 2099 2814 infre-

585 2853 723 2898 quens
755 2837 872 2881 enim
906 2835 1034 2880 datur
1073 2850 1195 2878 casus
1229 2833 1344 2893 quod
1380 2841 1423 2875 et
1456 2832 1516 2876 illi
1553 2832 1632 2875 Dei
1665 2831 1785 2875 Servi
1823 2831 1896 2890 qui
1930 2830 1984 2874 ad
2019 2847 2096 2875 su-

588 2914 742 2959 perum
778 2899 964 2942 honores
982 2913 1006 2940 a
1023 2895 1135 2942 Sede
1170 2894 1415 2952 Apostolica
1439 2892 1750 2937 irreformabili
1774 2892 1956 2936 Romani
1982 2893 2094 2936 Pon-
