2760 3568
478 1059 560 1103 244
577 1092 586 1102 .

2020 260 2108 305 435

618 348 632 365 ι
662 326 764 375 mai.
805 326 843 369 io
879 341 964 369 non
998 326 1056 369 mi
1092 325 1268 369 lasciero
1307 341 1550 385 soi-passure
1596 328 1798 387 giammai
1849 332 1961 378 daila
2018 335 2103 380 mia

617 408 631 426 n
660 394 883 439 creatura3
922 402 967 429 se
999 385 1136 444 quest'
1154 386 1298 429 anima
1330 387 1405 430 che
1441 396 1484 430 tu
1520 389 1586 433 hai
1620 391 1781 434 veduto
1817 399 1934 438 tanto
1967 394 2107 439 soffri-

611 468 626 487 »
653 464 714 498 rc,
753 447 786 490 si
821 447 844 490 ὸ
877 463 901 490 a
936 461 1005 489 mo
1038 446 1360 496 abbandonam,
1400 456 1442 491 tu
1479 449 1575 493 vedi
1609 451 1686 495 che
1720 451 1759 494 io
1794 467 1848 495 ne
1882 453 1934 497 ho
1978 470 2104 512 prcso

611 529 626 546 ιι
653 523 773 558 cura,
811 522 834 550 e
866 507 944 550 che
979 506 1066 550 Ena
1092 506 1149 549 mi
1178 506 1454 565 glorificiter&
1493 517 1806 556 eternamentc.
1842 533 1858 553 ι
1885 515 2008 559 Hisce
2031 531 2104 573 po.

606 569 708 620 sitis,
748 576 850 627 puto
883 566 1087 625 equidem
1120 566 1236 625 quod
1271 568 1458 612 arduum
1495 585 1668 627 prorsus
1700 589 1821 631 opus,
1860 590 1906 618 ac
1939 576 2103 633 perdis.

604 629 711 673 ficile
745 636 854 672 esset
875 662 884 679 ,
943 627 1138 670 invenire
1181 629 1312 671 etiam
1347 628 1387 671 in
1424 637 1563 673 morte
1598 630 1805 676 iustorum
1851 634 2101 682 huiusmodi

606 690 807 734 adiuncta
839 703 951 749 quae
984 703 1080 731 eam
1115 689 1347 747 pretiosam
1381 705 1522 748 aeque
1564 707 1612 734 ac
1647 692 1762 735 iliam
1812 695 1970 739 Sorvae
2021 698 2102 741 Dei

605 749 772 796 Sororis
806 749 964 794 Mariae
997 750 1051 792 ab
1083 748 1378 792 lucarnarione
1411 750 1723 802 demonstrent,
1751 761 1823 796 aut
1848 755 1998 799 maiori
2022 773 2101 815 pu-

603 811 712 855 blica
748 810 1041 854 testificatione
1074 817 1285 854 notatam.

624 937 695 986 De
729 936 881 985 Fama
921 932 1205 985 sanctitatis
1241 939 1351 999 post
1392 933 1584 984 obitum
1630 934 1810 986 Servac
1847 937 1953 987 Dei.

625 1057 796 1101 Etiamsi
817 1056 984 1099 nulium
1009 1054 1162 1098 afferre.
1194 1068 1363 1111 possem
1388 1054 1681 1099 testimonium
1706 1057 1979 1113 posthumam
2004 1060 2104 1104 Ser-

603 1133 681 1162 vae
704 1118 785 1162 Dei
821 1116 979 1159 samam
1013 1115 1211 1158 evincens
1257 1122 1448 1157 attamen
1484 1115 1540 1158 de
1574 1116 1672 1158 Eius
1704 1118 1930 1162 existentia
1964 1135 2097 1163 nemo

604 1179 709 1230 iure,
748 1177 789 1221 ni
817 1192 909 1220 inea
945 1190 1014 1219 me
1047 1175 1154 1218 fallit
1187 1176 1358 1233 opinio,
1395 1184 1540 1233 posset
1583 1175 1798 1220 dubitare.
1838 1179 1962 1222 Ratio
1997 1196 2101 1223 vcro

604 1237 849 1282 huiusmodi
884 1252 1005 1280 meae
1038 1236 1277 1279 sententiae
1310 1235 1413 1278 haec
1446 1244 1542 1287 est,
1595 1236 1711 1295 quod
1743 1239 1873 1282 Fama
1909 1239 1977 1283 itta
2012 1257 2099 1299 qua

604 1299 708 1342 dum
729 1298 895 1341 viveret
917 1296 1070 1339 eadem
1088 1297 1220 1340 Serva
1242 1296 1322 1339 Dei
1347 1295 1400 1339 ad
1418 1305 1604 1340 mortem
1633 1313 1766 1355 usque
1788 1301 2098 1352 communiter,

604 1366 646 1402 et
676 1360 770 1402 sinc
805 1357 1117 1414 irzer1·upti0ne
1154 1356 1287 1413 potita
1322 1364 1386 1399 est
1407 1390 1416 1407 ,
1454 1372 1538 1399 non
1575 1357 1656 1401 iani
1692 1373 1743 1401 ex
1777 1360 1949 1403 incertis
1984 1361 2101 1419 vulgi

605 1418 850 1463 rumoribus
882 1416 1079 1460 derivata
1113 1423 1219 1466 erat,
1257 1423 1330 1459 aut
1362 1416 1504 1459 studio
1539 1418 1725 1475 partium
1753 1421 2101 1478 propagata‚sed

606 1496 628 1523 e
660 1486 808 1523 contra
842 1493 894 1521 cx
926 1476 1107 1520 heroicis
1142 1475 1257 1519 lttius
1294 1476 1523 1519 virtutibus
1557 1485 1599 1520 et
1629 1479 1826 1535 supernis
1860 1481 2101 1524 charisma-

606 1541 717 1584 tibus
750 1547 895 1582 ortum
928 1538 1138 1581 habuerat
1162 1570 1171 1587 ,
1210 1545 1338 1595 atque
1373 1537 1525 1589 unice,
1563 1546 1603 1582 et
1638 1539 1853 1583 exclusive
1894 1542 2105 1585 sanctitati

604 1601 704 1644 Eius
738 1599 901 1643 innixa.
938 1600 1167 1642 Praeterea
1201 1612 1315 1642 mors
1339 1598 1543 1642 Eiusdem
1569 1599 1610 1642 in
1634 1601 1839 1643 omnibus
1864 1602 1975 1645 vitae
1998 1616 2099 1645 con-

601 1670 823 1712 sentanea,
860 1668 902 1703 et
933 1674 1014 1718 per
1046 1673 1313 1716 consequens
1347 1658 1461 1716 apud
1487 1660 1627 1704 Deum
1652 1661 1854 1718 pretiosa,
1883 1662 1997 1720 apud
2023 1663 2102 1706 ho-

604 1723 740 1766 mines
773 1736 876 1765 ”raro
911 1719 1086 1778 publica
1121 1719 1418 1763 testificatnonc
1442 1727 1588 1764 notata
1613 1730 1894 1766 concurrente
1927 1723 2103 1781 insuper

604 1785 696 1827 Deo
729 1782 787 1826 ad
821 1781 1086 1825 sanctitatem
1119 1781 1278 1823 Servae
1312 1781 1424 1823 Suae
1458 1780 1531 1823 vix
1565 1797 1612 1824 ac
1644 1782 1797 1826 eadem
1831 1783 1918 1826 vita
1953 1784 2099 1826 functa

605 1843 739 1887 fuerat
761 1876 771 1894 ,
814 1843 874 1886 uti
906 1849 1090 1900 apparet
1124 1856 1176 1883 ex
1209 1840 1383 1884 duobus
1426 1841 1466 1884 in
1503 1843 1723 1899 superiore
1761 1844 1884 1887 titulo
1934 1844 2105 1903 produ-

605 1904 680 1948 ctis
718 1904 854 1956 sactis,
888 1917 992 1946 voce
1020 1917 1095 1945 sua
1114 1901 1354 1945 admodum
1388 1902 1580 1945 sensibili
1612 1903 2100 1948 confirmandam.}1aec

605 1972 749 2009 autem
778 1964 833 2007 ad
867 1962 1181 2007 abundantiam
1223 1962 1338 2005 dicta
1366 1962 1464 2012 sint,
1501 1964 1857 2021 quandoquidem
1885 1973 1959 2015 tot,
1987 1973 2102 2008 tam-

608 2041 691 2084 que
709 2025 859 2083 gravia
883 2031 1051 2082 praesto
1069 2029 1167 2066 sunt
1184 2030 1436 2081 argumenta
1453 2023 1508 2066 ad
1527 2023 1686 2067 invicte
1719 2024 2103 2069 demonstrandam

610 2085 858 2130 huiusmodi
894 2084 1171 2143 posthumam
1201 2084 1360 2127 Seu-vae
1395 2084 1474 2126 Dei
1508 2084 1687 2127 Famam
1717 2093 1760 2127 ut
1780 2101 1866 2128 non
1903 2086 2018 2129 tenui
2045 2087 2103 2129 ia-

607 2148 713 2191 bore
746 2146 853 2189 mihi
888 2145 942 2188 sit
977 2159 1083 2201 opus
1123 2143 1176 2186 ad
1204 2158 1254 2186 ea
1285 2143 1508 2201 seligenda
1532 2159 1644 2201 quae
1679 2146 1901 2202 potissima
1930 2146 2027 2197 sint,
2060 2153 2103 2188 et

609 2208 742 2266 magis
769 2205 977 2250 concinna
997 2238 1007 2255 ‚
1037 2220 1092 2248 ne
1129 2202 1331 2246 videlicet
1361 2204 1496 2247 oratio
1520 2220 1634 2262 quae
1666 2205 1749 2249 iam
1770 2206 1975 2264 prolixior
2001 2221 2102 2250 eva-

604 2268 672 2319 sit;
711 2266 879 2311 infinita
912 2263 1236 2324 quodammodo
1272 2262 1341 2306 sit.
1379 2265 1528 2322 ltaque
1560 2266 1762 2323 perbrevi
1792 2282 1991 2310 sermone
2015 2267 2102 2311 de-

603 2336 843 2371 monstrare
880 2325 1105 2384 aggrediar
1131 2324 1249 2384 quod
1287 2325 1454 2381 sepuito
1477 2326 1637 2369 Servae
1655 2327 1737 2370 Dei
1769 2328 1979 2371 cadavere
2015 2342 2103 2370 non

604 2389 733 2433 modo
766 2388 933 2445 sepulta
962 2402 1047 2430 non
1083 2386 1164 2429 fuit
1196 2385 1326 2428 Fama
1354 2386 1600 2431 Sanctitatis
1632 2388 1746 2439 Eius,
1783 2403 1934 2432 verum
1956 2403 2101 2432 econ-

607 2458 671 2493 tra
708 2449 863 2493 eadem
901 2448 942 2491 in
980 2447 1072 2491 dies
1102 2445 1237 2503 magis
1267 2453 1391 2489 aucta
1423 2455 1484 2490 est
1518 2455 1560 2490 et
1593 2449 1846 2493 confirmata
1867 2483 1876 2501 ‚
1913 2457 1955 2492 et
1986 2450 2102 2492 vires

604 2511 750 2554 eundo
786 2508 1027 2568 acquisivit.

486 2574 589 2617 242.
628 2571 695 2616 Sic
726 2571 865 2614 'Pestis
898 2571 953 2613 v1
988 2570 1091 2612 haec
1123 2568 1179 2611 de
1215 2567 1441 2624 posthtma
1473 2569 1607 2612 Fama
1651 2570 1895 2615 Sanctitatis
1937 2569 2103 2614 Servae

602 2633 684 2677 Dei
718 2631 880 2690 profert
913 2630 1102 2690 (Sumni.
1142 2642 1259 2672 num.
1282 2629 1369 2670 XX
1392 2644 1489 2687 pag.
1515 2630 1641 2688 464).
1674 2652 1688 2668 «ι
1713 2632 1755 2673 Ιο
1778 2632 1832 2674 ho
1857 2639 1988 2674 avuto
2012 2629 2105 2674 dal·

609 2715 625 2734 ι
656 2693 694 2737 la
726 2692 813 2736 mia
849 2691 1047 2743 int'anzia,
1082 2690 1138 2734 ed
1174 2705 1197 2732 a
1229 2689 1379 2732 datare
1412 2698 1652 2747 sopratutto
1685 2691 1754 2734 dat
1790 2692 1910 2735 4830
1944 2692 1982 2735 la
2024 2689 2103 2749 piu

610 2776 627 2795 »
654 2754 735 2798 alta
770 2752 973 2811 possibile
1007 2751 1102 2795 idea
1133 2750 1245 2794 delia
1281 2749 1394 2793 virtu
1425 2750 1469 2793 di
1502 2760 1652 2809 questa
1686 2752 1823 2811 prima
1854 2752 2001 2796 Madre
2022 2751 2103 2794 che

610 2837 626 2855 2
658 2815 695 2858 ie
728 2814 956 2859 tradizioni
998 2812 1042 2856 di
1084 2819 1234 2870 questo
1268 2812 1507 2855 Monastcro
1542 2813 1576 2856 ci
1612 2813 1755 2856 hanno
1788 2827 1961 2871 sempre
1994 2827 2101 2869 rap-

611 2898 627 2916 »
655 2883 900 2935 presentato
931 2889 1056 2918 come
1089 2888 1146 2916 un
1181 2870 1367 2929 compito
1401 2873 1588 2916 modciio
1621 2873 1665 2916 di
1709 2873 1820 2917 virtu
1866 2872 2101 2930 Religiose.

611 2958 627 2977 ι
654 2938 685 2981 11
718 2937 864 2981 valore
896 2935 1009 2979 delle
1045 2941 1186 2978 nostre
1220 2932 1443 2976 tradizioni
1477 2934 1511 2977 si
1544 2935 1756 2993 appoggia
1788 2951 1915 2994 sopra
1950 2934 1987 2977 ia
2010 2933 2104 2977 iun-
