2760 3584
856 244 943 288 424

861 337 878 357 ι
917 332 1052 360 aveva
1088 316 1191 360 satta
1224 316 1293 359 (101
1327 331 1404 358 500
1437 330 1566 359 cuore
1588 330 1667 358 con
1689 314 1834 373 quello
1857 314 1928 357 (101
1955 314 2082 358 Divin
2107 314 2346 365 Salvator03

863 398 880 417 n
919 378 958 422 la
992 391 1319 437 paragonavano
1352 375 1405 420 ad
1441 392 1524 420 una
1548 378 1677 421 Santa
1712 374 1907 432 Ludvige
1942 374 2008 417 net
2041 391 2119 417 suo
2151 382 2261 418 stato
2303 373 2348 418 di

866 459 882 478 ι
922 439 1101 486 vittima.
1139 452 1162 480 e
1195 436 1238 480 di
1277 437 1525 487 sotterenza,
1562 436 1617 481 ad
1652 451 1736 480 una
1760 437 1888 480 Santa
1918 434 2128 478 Geltrude
2161 434 2230 478 nei
2254 434 2347 477 suoi

922 497 1150 555 famigliari
1189 497 1390 556 colloquii
1428 498 1490 541 001
1533 514 1609 541 500
1642 512 1770 555 sposo
1818 496 1984 547 divino,
2030 494 2086 539 ad
2121 510 2202 538 una
2241 496 2349 539 San-

922 566 960 602 ta
998 558 1155 601 Teresa
1195 559 1261 601 nel
1306 574 1383 602 500
1416 558 1565 617 spirito
1598 557 1642 601 di
1684 557 1913 601 vocazione
1946 556 2188 606 eminente,
2223 570 2247 598 e
2280 570 2347 597 so-

922 619 1223 677 prannaturate
1256 653 1266 671 ,
1330 618 1593 663 dimodoche
1647 618 1878 662 sembrava
1942 617 2017 660 che
2072 617 2156 659 Dio
2206 629 2354 659 avesse

926 679 1085 722 riunito
1112 679 1226 724 001Ιο
1257 695 1331 723 sua
1365 681 1496 724 Serva
1530 687 1638 723 tut-to
1674 679 1740 723 cio
1779 679 1823 722 di
1857 678 1927 722 cui
1952 677 2042 735 1⁴]in
2065 692 2201 720 aveva
2236 675 2353 719 savo-

868 759 886 778 »
923 740 1005 783 rito
1063 738 1099 781 lc
1140 756 1217 784 500
1252 740 1326 799 piu
1374 756 1470 783 care
1501 742 1681 798 Spose.»
1720 740 1812 782 Uno
1844 739 1979 782 verbo
2001 753 2055 781 cx
2094 736 2348 781 auctoritate

865 800 943 844 viri
979 799 1162 858 religiosi
1201 800 1436 851 sanctitate,
1476 809 1519 844 et
1563 801 1820 844 discretione
1868 799 2042 859 spiritus
2076 796 2351 841 celeberrimi

860 869 1023 905 constat
1065 861 1221 904 dictam
1268 864 1447 905 Sei-vam
1488 861 1570 904 Dei
1620 860 1851 906 Sanctitate
1889 876 1965 903 sua
2006 858 2351 902 aestimationem

863 921 949 965 imo
971 922 1297 965 venerationem
1338 922 1465 965 totius
1502 921 1667 966 Galliae
1700 921 1782 965 sibi
1821 919 2086 964 concitiasse.
2129 920 2189 961 lta
2237 917 2354 960 enim

864 982 1138 1041 prosequitur
1177 982 1289 1026 dieta
1322 982 1490 1026 Testis:
1532 1002 1548 1021 ι
1572 983 1602 1025 11
1638 981 1894 1027 Reverendo
1951 981 2087 1024 Padre
2131 978 2353 1023 Girotamo

868 1061 885 1080 ι
924 1043 1162 1086 Lattemant
1205 1042 1317 1087 delta
1355 1044 1622 1101 Compagnia
1659 1043 1701 1087 di
1738 1042 1868 1091 Gesu,
1891 1041 2118 1098 dirigendo
2156 1055 2212 1083 un
2250 1038 2356 1081 rim-

873 1122 889 1140 »
928 1118 1112 1159 provere
1158 1103 1213 1145 ad
1251 1119 1334 1146 una
1374 1106 1508 1147 Suora
1549 1104 1588 1146 la
1631 1105 1761 1162 quale
1801 1117 1936 1146 aveva
1973 1107 2169 1144 mancato
2206 1099 2250 1142 di
2291 1098 2356 1140 ri-

867 1182 883 1200 »
921 1172 1060 1220 spetto
1100 1178 1221 1206 verso
1245 1164 1282 1206 la
1305 1165 1438 1207 Serva
1473 1164 1515 1206 (11
1542 1163 1623 1205 Dio
1646 1165 1685 1207 10
1709 1163 1837 1206 disse:
1858 1186 1887 1194 —
1910 1161 1993 1205 Oh!
2010 1169 2161 1220 questa
2184 1160 2206 1202 e
2239 1158 2356 1201 bella

869 1244 883 1260 »
923 1224 1000 1268 01ιο
1041 1239 1124 1266 una
1180 1224 1343 1267 novizia
1388 1225 1603 1267 Conversa
1648 1224 1682 1267 si
1739 1238 1939 1281 opponga
1985 1222 2039 1265 ad
2084 1236 2167 1264 una
2210 1217 2357 1263 Madre

869 1303 885 1321 »
923 1283 1342 1327 dell’lnearnazione
1382 1284 1420 1326 10
1445 1283 1571 1342 quate
1603 1284 1788 1326 riscuote
1824 1283 1861 1325 ta
1909 1281 2206 1330 venei-azione,
2255 1293 2280 1321 e
2320 1278 2359 1321 la

868 1363 885 1382 ιι
922 1343 1047 1386 stima
1083 1343 1126 1386 di
1148 1351 1256 1388 tutta
1282 1345 1319 1387 la
1351 1344 1547 1387 Francia.
1569 1365 1584 1383 ι
1620 1344 1714 1387 Atia
1739 1343 1873 1386 muita
1899 1350 2071 1400 possent.
2096 1341 2137 1384 in
2162 1338 2358 1383 medium

858 1403 1041 1461 proferri
1078 1404 1364 1448 universalem
1399 1404 1643 1448 sanctitatis
1681 1406 1859 1447 Famam
1897 1406 2054 1448 Servae
2088 1401 2168 1444 Dei
2198 1400 2358 1443 invicte

863 1463 1219 1515 demonstrantia,
1256 1464 1331 1509 sed
1359 1465 1588 1508 brevitatis
1622 1480 1771 1509 amore
1809 1480 1859 1508 ea
1897 1464 2046 1507 omitto
2074 1477 2171 1506 cum
2226 1459 2357 1504 ailata

862 1524 961 1568 satis
991 1540 1209 1583 superque
1243 1525 1314 1569 itta
1351 1525 1666 1577 demonstrent,
1698 1526 1797 1569 hinc
1819 1524 2024 1568 nonnulla
2047 1524 2103 1567 (10
2126 1520 2359 1567 duratione

864 1584 1059 1629 eiusdem
1093 1587 1251 1629 Famae
1282 1586 1532 1644 producam.
1574 1587 1724 1645 Neque
1756 1586 1871 1628 enim
1916 1585 2155 1629 decedente
2198 1581 2359 1626 Eadem

858 1661 912 1690 ex
942 1646 1095 1694 Gallia,
1139 1646 1319 1690 decessit
1361 1646 1581 1705 praedicta
1620 1648 1780 1697 Fama,
1816 1645 1892 1690 sed
1937 1654 2112 1689 econtra
2145 1656 2355 1702 perseve-

859 1706 982 1757 ravit,
1022 1706 1107 1749 imo
1127 1707 1330 1758 maiores,
1367 1715 1411 1750 ct
1434 1708 1610 1752 alt-iores
1643 1708 1731 1766 egit
1759 1707 1849 1765 ipsa
1880 1705 2042 1750 radices
2069 1706 2111 1749 in
2138 1712 2361 1763 posterum

860 1781 1098 1826 numquam
1129 1768 1395 1812 evellendas.
1429 1769 1475 1812 td
1508 1777 1673 1812 constat
1707 1784 1761 1812 ex
1803 1775 1911 1811 teste
1944 1768 1999 1810 Vl
2029 1782 2142 1827 quae
2173 1767 2279 1810 haec
2302 1761 2358 1806 ad

864 1842 955 1871 rem
986 1836 1132 1871 narrat
1167 1828 1354 1885 (Summ.
1376 1843 1496 1872 num.
1524 1831 1643 1873 XVI!
1672 1845 1773 1888 pag.
1808 1828 1937 1887 443.)
1967 1848 1982 1866 ι
2007 1829 2065 1871 La
2099 1827 2213 1870 virtu
2247 1824 2362 1868 detta

870 1909 885 1927 υ
924 1889 1057 1932 Serva
1090 1889 1135 1933 di
1163 1890 1246 1932 Dio
1284 1889 1552 1933 rendendola
1586 1905 1760 1949 sempre
1799 1889 2138 1948 maggiormente
2168 1884 2361 1930 notabile

870 1969 887 1987 1»
925 1948 1036 1991 neila
1064 1964 1138 1991 sua
1176 1951 1408 1993 Comunita
1446 1966 1586 1994 venne
1624 1951 1755 1994 cletta
1806 1951 1847 1994 in
1899 1948 2246 1994 considerazione
2286 1945 2361 1989 del

868 2029 884 2047 »
922 2024 996 2053 suo
1028 2009 1199 2059 merito,
1237 2025 1261 2052 e
1287 2010 1403 2054 detta
1441 2026 1515 2055 sua
1554 2012 1801 2070 esperienza
1836 2027 1916 2068 per
1951 2011 2088 2069 prima
2135 2006 2362 2067 superiora

869 2090 885 2109 ι
921 2069 1034 2113 (101Ιο
1076 2070 1273 2113 Μ1551000
1320 2071 1398 2114 che
1446 2072 1478 2114 si
1519 2088 1770 2131 proponeva
1803 2073 1848 2116 di
1886 2071 2081 2115 stabilire
2118 2070 2215 2114 netl'
2250 2081 2364 2112 anno

923 2130 1504 2182 initteseicontoti-entanove,
1554 2133 1666 2175 nelta
1708 2148 1848 2176 nuova
1888 2132 2090 2175 Francia.
2143 2132 2199 2174 La
2225 2131 2361 2175 Serva

923 2190 966 2234 di
1001 2190 1085 2233 Dio
1129 2191 1335 2234 continuo
1396 2207 1420 2234 a
1458 2192 1620 2249 godere
1656 2192 1698 2235 in
1743 2192 1923 2236 Francia
1959 2192 2003 2235 di
2044 2208 2101 2235 un
2140 2206 2247 2250 gran
2275 2204 2366 2232 cre-

926 2250 1017 2294 dito
1046 2266 1195 2308 presso
1234 2252 1273 2294 10
1311 2267 1494 2309 persone
1544 2252 1759 2303 influenti3
1797 2253 1862 2296 010
1899 2253 1932 2296 51
1980 2252 2246 2310 compi-ende
2293 2248 2366 2292 dal

923 2325 1114 2355 successo
1155 2312 1234 2355 che
1275 2313 1366 2356 Etta
1400 2319 1579 2356 ot-tenne
1610 2314 1717 2357 00110
1756 2329 1832 2356 500
1865 2313 2017 2356 lettere
2047 2314 2128 2357 che
2150 2313 2241 2357 Etta
2268 2310 2367 2354 scri-

926 2387 1034 2416 veva
1076 2372 1199 2431 quasi
1230 2388 1253 2416 a
1301 2373 1516 2417 centinaia
1544 2374 1644 2431 ogni
1682 2389 1812 2418 anno.
1848 2374 2096 2417 Parimente
2134 2374 2147 2416 i
2180 2370 2364 2417 soccorsi

924 2432 1000 2477 che
1036 2433 1125 2476 Etta
1152 2433 1358 2477 ricevette
1392 2433 1507 2477 dana
1540 2435 1721 2479 Francia
1768 2435 1879 2479 nello
1899 2434 2039 2492 spazio
2077 2434 2181 2479 (10111
2226 2430 2362 2492 primi

925 2493 1036 2537 dieci
1060 2494 1161 2537 anni
1201 2494 1354 2538 t'urono
1388 2495 1639 2553 prodigiosi,
1677 2511 1701 2539 e
1733 2495 1843 2540 forse
1874 2511 2028 2540 ancora
2061 2496 2137 2555 piu
2165 2492 2359 2539 conside-

924 2554 1059 2598 revoli
1083 2554 1199 2613 dopo
1223 2555 1451 2600 t'incendio
1473 2556 1659 2600 allon-che
1688 2556 1733 2600 su
1757 2557 1864 2600 vista
1895 2557 2140 2601 ricostruire
2165 2556 2194 2600 11
2218 2557 2364 2599 Mona-

926 2624 1054 2666 storo,
1087 2615 1268 2659 nudrire
1300 2631 1324 2659 e
1350 2618 1504 2661 vestire
1542 2617 1554 2660 i
1595 2618 1742 2675 poveri
1772 2617 1977 2669 t'anciulli,
2010 2618 2064 2662 ed
2088 2618 2188 2677 ogni
2212 2616 2365 2675 giorno

872 2698 888 2716 ι
926 2675 1077 2720 venire
1106 2675 1150 2719 in
1179 2692 1372 2722 soccorso
1405 2678 1519 2736 degli
1539 2678 1676 2722 adulti
1694 2678 1885 2738 selvaggi
1908 2678 1986 2722 che
2013 2681 2112 2724 Essa
2138 2678 2364 2723 istruiva.»

869 2737 998 2794 Quod
1040 2745 1187 2781 autem
1237 2740 1369 2783 Fama
1411 2739 1571 2784 isthaec
1614 2740 1861 2784 Sanctitatis
1917 2740 2048 2785 relate
2091 2740 2148 2785 ad
2187 2743 2371 2786 Sei-vam

873 2799 955 2842 Dei
991 2798 1156 2856 ubique
1189 2799 1279 2843 sive
1312 2800 1355 2843 in
1391 2801 1547 2852 Gattia,
1585 2801 1674 2845 sive
1708 2802 1751 2845 in
1794 2802 1969 2861 regione
2017 2799 2276 2850 Canadensi‚
2324 2804 2367 2841 et

872 2860 929 2904 ad
961 2858 1130 2902 obitum
1165 2874 1299 2918 usque
1334 2860 1539 2904 Eiusdem
1572 2862 1874 2920 perduraverit
1907 2871 1950 2906 et
1983 2863 2170 2922 viguerit
2203 2865 2369 2906 constat

871 2919 1140 2979 apertissime
1172 2936 1227 2964 ex
1260 2921 1308 2964 iis
1330 2937 1444 2980 quae
1476 2932 1714 2969 memorata
1747 2924 1882 2969 Testis
1901 2923 2370 2983 (Summ.ibid.)enar-

866 699 884 718 ὓ
865 639 881 658 U
866 580 881 597 Β
866 519 883 538 b

867 2151 882 2169 ηΥκ

871 2636 888 2655 U
868 2576 885 2594 ὅ
870 2515 886 2533 U
869 2454 886 2473 b
871 2393 887 2412 υ
869 2333 885 2351 U
868 2271 885 2291 U
867 2211 883 2229 Ε
