2632 3584
470 330 703 389 inscriptae
735 328 952 388 Episcopis
985 329 1130 374 electis
1164 345 1243 388 pro
1260 328 1525 374 confectione
1547 330 1776 373 Processus
1799 328 1843 371 in
1859 342 1986 373 causa

467 393 518 436 B.
561 389 772 434 Brunonis
810 390 1006 449 Episcopi
1041 389 1365 449 llerbipolensis
1387 423 1396 440 ,
1437 390 1539 439 ubi,
1576 404 1675 435 cum
1709 403 1791 433 nec
1834 390 1991 434 merita

471 452 563 496 sine
597 449 834 502 miraculis,
871 466 952 495 nec
984 450 1196 494 miracula
1228 449 1320 495 sine
1353 450 1516 494 meritis
1549 450 1675 510 plene
1700 448 1915 494 sufficiant
1936 448 1993 493 ad

470 509 793 571 perhibendum
827 510 938 554 inter
971 510 1167 555 homines
1203 510 1497 555 testimonium
1532 510 1766 556 sanctitatis
1801 518 1842 555 et
1885 525 1993 568 pro-

471 582 567 631 pter
601 569 930 616 diuturnitatem
971 571 1200 630 temporis,
1238 587 1324 615 non
1360 572 1492 630 possit
1524 572 1567 616 in
1605 571 1819 616 Teutonia
1869 585 1996 630 repe-

476 634 551 677 riri
589 631 758 692 aliquis,
797 639 844 674 ut
866 632 1083 684 asseritur,
1110 632 1182 693 qui
1205 648 1335 691 super
1359 632 1407 676 iis
1427 633 1482 677 de
1519 633 1611 676 visu
1633 640 1763 692 queat
1807 631 1998 676 testimo-

475 694 598 738 nium
633 691 883 752 perhibere,
920 694 1004 737 Nos
1037 701 1119 737 ete.
1158 693 1418 738 mandamus
1451 693 1570 752 quod
1606 707 1693 736 non
1731 693 1870 736 solum
1922 707 2000 750 per

475 763 618 806 testes3
641 752 717 797 scd
743 753 900 797 lamam
933 754 1081 806 etiam,
1103 761 1144 798 et
1163 754 1376 802 auditura,
1404 770 1452 798 ae
1475 754 1710 813 scripturas
1732 752 2001 796 authenticas

474 816 529 860 de
564 814 669 865 vita,
707 821 749 857 et
783 815 1124 867 conversatione,
1147 830 1194 859 ac
1230 814 1398 859 meritis
1430 815 1523 859 eius
1555 829 1635 875 per
1667 828 1760 863 vos,
1791 812 1862 855 vel
1896 812 2002 856 alios

475 876 563 921 lide
596 874 751 934 dignos
783 875 963 919 sollicite
997 875 1281 935 inquirentes,
1314 891 1426 935 quae
1463 874 1728 924 inveneritis,
1750 872 1883 917 Nobis
1919 873 2003 917 sub

474 935 624 995 sigillis
669 935 822 979 vestris
856 935 1044 980 fideliter
1078 937 1391 981 transmittatis.
1442 960 1469 969 -
1507 937 1621 980 Haec.
1654 943 1800 979 autem
1836 948 1914 992 per
1957 948 2002 978 se

475 997 586 1042 adeo
628 995 742 1039 clara
779 1005 894 1047 sunt,
925 1005 967 1040 et
1002 996 1184 1041 indubia
1231 1005 1278 1041 ut
1320 997 1684 1041 commentatione
1716 994 1897 1039 minime
1938 995 2004 1038 iu-

475 1058 669 1116 digeant.

588 1118 634 1161 2.
671 1117 758 1161 Nec
792 1117 921 1161 ullam
946 1118 1126 1163 omnino
1155 1117 1459 1163 difficultatem
1492 1117 1654 1161 lacessit
1677 1117 1896 1161 obiectum
1932 1131 2005 1159 no·

477 1177 545 1219 bis
578 1178 634 1221 ab
666 1176 928 1222 Adversario¹
962 1179 1328 1236 praestantissimo
1361 1177 1555 1222 eiusdem
1588 1177 1805 1221 pontilicis
1845 1176 1998 1221 ‹lecre-

479 1245 569 1280 tum
596 1238 731 1281 latum
770 1237 842 1284 die
863 1240 922 1282 23
945 1240 1106 1297 Aprilis
1149 1240 1248 1283 anni
1291 1239 1400 1283 4744
1440 1239 1480 1282 in
1504 1253 1592 1297 quo
1615 1238 1860 1282 declaratur
1878 1236 2000 1295 quod

476 1298 739 1342 subsidiaria
774 1298 842 1342 illa
884 1299 1099 1357 probatio,
1128 1299 1295 1344 nonnisi
1329 1316 1382 1343 ex
1416 1299 1603 1359 quadam
1633 1299 1852 1357 aequitate.
1888 1297 2002 1340 hisee

479 1358 520 1401 in
556 1359 691 1402 causis
726 1359 982 1408 admittitur,
1021 1361 1240 1419 «quando
1275 1368 1417 1404 tamen
1448 1376 1531 1404 non
1557 1360 1810 1410 eonstiterit,
1840 1359 2007 1418 primos

479 1419 747 1462 Auctoritate
787 1420 1015 1464 Ordinaria
1056 1423 1283 1465 processus
1326 1422 1454 1465 luisse
1493 1420 1594 1464 dolo
1629 1420 1758 1472 malo,
1796 1429 1864 1462 ant
1916 1419 2006 1462 eul-

479 1479 612 1536 pabili
646 1480 905 1538 negligentia
936 1482 1102 1525 tamdiu
1140 1482 1310 1533 dilatos,
1350 1482 1489 1527 donec
1524 1486 1652 1525 testes
1675 1481 1730 1525 de
1771 1482 1863 1524 visu
1898 1479 2006 1522 nulli

478 1548 787 1599 superessent:
832 1542 910 1584 hoc
957 1543 1130 1602 inquam
1165 1543 1387 1586 decretum
1424 1542 1590 1585 nullum
1636 1557 1810 1598 prorsus
1843 1542 2008 1584 Causae

483 1609 657 1644 nostrae
692 1601 1007 1659 praeiudicium
1043 1611 1181 1660 potest
1221 1603 1390 1654 afferre,
1419 1602 1773 1661 quandoquidem
1803 1609 2005 1644 neutrum

481 1660 525 1703 in
561 1677 660 1705 casu
706 1661 966 1713 verificatur,
1005 1664 1207 1707 videlicet
1233 1698 1243 1715 ,
1279 1679 1356 1708 nec
1389 1664 1514 1708 dolus
1556 1662 1712 1714 malus,
1750 1677 1829 1706 nec
1861 1661 2008 1720 culpa-

479 1720 580 1765 bilis
621 1721 883 1780 negligentia
922 1725 963 1767 in
997 1723 1203 1767 dilatione
1238 1726 1480 1769 processus.

604 1783 648 1825 3.
686 1784 736 1826 Et
771 1798 815 1826 re
863 1799 964 1828 sane
999 1799 1104 1829 vera
1137 1784 1278 1829 dietus
1312 1785 1436 1829 dolus
1465 1785 1607 1829 malus
1640 1784 1676 1828 si
1711 1783 1806 1843 quis
1840 1782 2008 1826 extitis-

479 1850 558 1893 set,
612 1844 679 1886 vel
716 1843 868 1888 saltem
897 1845 1129 1903 culpabilis
1172 1845 1435 1905 negligentia
1486 1846 1527 1889 in
1579 1845 1789 1890 dilatione
1828 1846 2002 1887 Precesz

480 1918 552 1946 sus
585 1902 769 1947 deberet
801 1906 859 1948 ab
891 1905 1051 1950 eximio
1104 1906 1473 1951 Animadversore
1520 1905 1825 1950 demonstrari.
1874 1904 2011 1947 Nemo

480 1978 670 2021 namque
704 1967 993 2023 praesumitur
1028 1967 1168 2011 malus
1201 1967 1282 2011 nisi
1308 1969 1533 2025 probetur.
1560 1966 1688 2023 Quod
1722 1966 1755 2009 si
1782 1966 1823 2008 in
1848 1979 2009 2022 genere

485 2024 544 2067 uti
581 2039 731 2069 verum
766 2026 1010 2071 admittitur
1044 2028 1179 2071 relate
1212 2028 1267 2071 ad
1301 2028 1531 2072 cuiuslibet
1569 2027 1711 2071 classis
1737 2061 1747 2078 ‚
1786 2034 1828 2069 et
1862 2025 2012 2068 condi-

484 2084 611 2128 tionis
645 2086 856 2138 homines,
884 2104 935 2131 eo
960 2090 1025 2132 vel
1063 2089 1197 2146 magis
1231 2089 1310 2132 hoc
1343 2089 1647 2133 affirmandum
1681 2096 1742 2131 est
1777 2086 1833 2130 de
1862 2086 1911 2128 iis
1934 2085 2011 2142 qui

482 2154 584 2188 sunt
618 2147 794 2204 pietate,
821 2148 1030 2199 doctrina,
1059 2149 1320 2208 professione
1354 2151 1467 2194 vitae
1502 2149 1703 2206 insignes,
1731 2157 1774 2191 et
1807 2146 2010 2190 aestima-

482 2205 598 2249 tione
616 2207 992 2265 dignieuiusmodi
1017 2212 1207 2268 prolecto
1229 2211 1420 2255 habendi
1442 2218 1540 2254 sunt
1574 2210 1810 2268 Episcopus
1839 2207 2010 2263 Quebe·

483 2266 633 2316 censis,
671 2270 940 2326 Superiores.
966 2280 1008 2314 et
1043 2272 1265 2315 Praesides
1300 2271 1592 2315 Ursulinarum
1628 2285 1818 2329 qnorum
1855 2268 2013 2311 intere-

484 2336 549 2369 raa
582 2326 718 2372 dictos
753 2331 975 2375 Procerus
1008 2341 1256 2376 construere
1303 2332 1470 2390 quoties
1504 2331 1546 2375 id
1593 2332 1635 2375 in
1685 2346 1759 2374 sua
1810 2328 2011 2372 facultate

484 2386 652 2431 fuisset.
685 2391 773 2433 lam
809 2406 912 2435 vero
946 2393 1192 2437 huiusmodi
1226 2392 1353 2437 dolus
1387 2402 1460 2437 aut
1493 2391 1721 2450 culpabilis
1752 2388 2014 2449 negligentia

484 2447 650 2491 nedum
687 2467 765 2494 nee
798 2453 1106 2505 demonstrari,
1147 2470 1222 2498 nec
1258 2454 1475 2512 praesumi
1511 2469 1535 2496 a
1568 2460 1714 2496 nostro
1749 2450 2011 2495 Adversario

487 2524 679 2567 unquam
714 2515 893 2569 poterit,
931 2515 1003 2559 sed
1040 2516 1072 2557 si
1109 2516 1201 2572 lpse
1235 2517 1461 2559 Processus
1495 2523 1537 2557 et
1569 2512 1807 2558 Summarii
1843 2510 2011 2554 tabulas

486 2571 553 2613 vel
589 2574 771 2616 summis
805 2574 944 2625 labiis,
974 2585 1017 2619 ut
1053 2576 1111 2619 ita
1145 2575 1286 2619 dicam
1324 2575 1645 2633 praelibaverit,
1671 2589 1755 2617 uno
1786 2572 2009 2615 oculorum

488 2630 683 2677 coniectu
718 2635 1017 2693 deprehendet
1055 2637 1119 2679 vel
1154 2653 1173 2679 a
1213 2645 1408 2694 :empore
1443 2635 1592 2679 mortis
1626 2637 1784 2679 Servae
1808 2633 1889 2677 Dei
1914 2631 2011 2674 uni-

486 2694 651 2737 versale
685 2697 889 2743 exarsisse
934 2698 975 2741 in
1010 2697 1267 2755 supradictis
1301 2697 1569 2741 desiderium
1593 2732 1602 2747 ,
1641 2695 1847 2739 unanime
1882 2693 2013 2736 fuisse

489 2763 742 2800 cunctorum
780 2766 926 2802 votum
963 2767 1008 2802 ut
1042 2759 1204 2803 Eadem
1243 2759 1299 2803 ad
1341 2758 1553 2803 Coclitum
1603 2758 1788 2801 honores
1833 2772 1855 2798 a
1899 2753 2014 2797 Sede

489 2816 735 2872 Apostolica
770 2820 1044 2871 eveheretur,
1084 2836 1132 2863 ae
1167 2836 1244 2879 per
1285 2833 1554 2879 consequens
1587 2826 1635 2863 ut
1676 2820 1903 2861 Processus
1937 2815 2015 2857 hac

490 2873 546 2918 de
580 2877 718 2922 Causa
752 2889 1121 2925 construerentur.
1159 2881 1285 2937 Quod
1321 2881 1353 2923 si
1387 2896 1455 2924 res
1492 2880 1550 2923 ita
1584 2894 1670 2923 non
1703 2878 1841 2928 cessit,
1879 2884 1922 2920 et
1956 2875 2016 2918 l‘a—
