2632 3584
932 331 1558 448 QUEBECEN.

622 508 1180 566 BEATlFtCATlONtS
1221 509 1302 565 ET
1340 508 1870 566 CANONJZATIOMS

1084 618 1291 658 SERVAE
1319 618 1403 658 nm

481 711 828 824 SORORIS
864 712 1204 822 MARIAE
1229 714 1345 822 AB
1378 711 2013 823 INCARNATIONE

700 887 1042 932 FUNDATRIOIS
1070 888 1383 929 MONASTERII
1411 889 1798 931 URSULINARUM

989 980 1031 1011 m
1052 979 1242 1011 omnm
1262 979 1513 1015 cumanorum

1167 1070 1342 1099 *fla——

865 1148 1649 1213 ANIMADVERSIONES

788 1293 855 1365 lt.
901 1293 965 1363 Ρ.
1010 1293 1083 1365 l).
1128 1293 1484 1366 Promotoris
1553 1293 1710 1366 Fidei

1052 1443 1230 1489 SUPER
1262 1443 1439 1489 DUBto

480 1555 566 1609 An
600 1555 671 1606 sit
706 1553 977 1620 siymnda
1020 1552 1325 1606 Commebsae‘o
1354 1554 1770 1607 Introduction&
1804 1553 2010 1607 Causae

624 1625 685 1678 in
726 1638 873 1683 casu,
915 1630 962 1674 et
998 1623 1071 1674 ad
1117 1624 1360 1691 effectum
1392 1624 1458 1675 de
1493 1640 1597 1693 quo
1642 1623 1867 1692 aqicur?

746 1812 901 1872 Eme
947 1824 1005 1872 et
1053 1812 1211 1872 Rme
1259 1810 1531 1871 Domine

607 2021 651 2065 1.
688 1974 876 2066 Eodem
902 2019 992 2066 sere
1015 2028 1213 2080 tempore
1232 2035 1321 2079 quo
1344 2020 1386 2064 in
1413 2019 1618 2079 Hispania
1650 2021 1825 2065 Teresia
1850 2036 1873 2063 a
1898 2021 2011 2073 lesu,

482 2081 671 2127 Carmeli
705 2081 945 2140 Seraphina
976 2081 1133 2125 merito
1166 2080 1399 2140 appellata,
1427 2081 1480 2125 ad
1504 2081 1673 2126 caelum
1711 2081 1943 2140 migrabat,
1972 2082 2017 2126 in

482 2142 621 2188 Gallia
654 2143 785 2187 Maria
818 2143 875 2186 ab
908 2142 1208 2187 incarnatione
1232 2141 1396 2186 natales
1417 2142 1566 2186 sortita
1588 2150 1668 2186 est.
1693 2142 1849 2187 Adhuc
1872 2142 2018 2201 puella

484 2202 755 2263 coniugalem
790 2203 925 2246 vitam
959 2204 1175 2262 amplexa,
1213 2203 1492 2261 postmodum
1527 2203 1568 2246 in
1605 2203 1816 2248 viduitate
1850 2203 2017 2264 aliquot

483 2263 608 2308 annis
640 2264 883 2315 transactis,
921 2263 1030 2308 inter
1064 2264 1270 2308 moniales
1304 2279 1329 2307 a
1360 2265 1405 2309 S.
1443 2264 1592 2308 Ursula
1631 2265 1816 2309 Turonis
1850 2263 2017 2324 degen-

483 2331 547 2368 tes
580 2324 774 2383 cooptari
809 2324 1016 2368 obtinuit.
1053 2325 1101 2368 ln
1134 2339 1295 2368 novam
1327 2323 1491 2370 deinde
1523 2325 1733 2376 Galliam,
1770 2325 1827 2369 ad
1876 2326 2018 2384 sylve-

482 2394 592 2430 stres
624 2385 889 2430 erudiendas
922 2385 1087 2445 puellas
1134 2384 1343 2445 profecta,
1392 2400 1445 2429 eo
1494 2384 1536 2429 in
1581 2401 1712 2445 opere
1756 2395 1840 2430 tres
1883 2402 2017 2447 supra

484 2445 660 2505 triginta
694 2445 914 2506 impendit
945 2462 1096 2497 annos,
1134 2462 1182 2491 ac
1214 2446 1394 2492 demum
1428 2446 1620 2503 Quebeci
1654 2454 1838 2491 mortem
1883 2462 2017 2507 oppe-

485 2506 554 2551 tiit
588 2506 729 2565 pridie
760 2506 978 2553 Kalendas
1000 2508 1132 2552 Maias
1153 2507 1253 2551 anni
1277 2507 1494 2552 millesimi
1516 2509 1814 2553 sexcentesimi
1837 2516 2013 2567 septua-

483 2568 635 2627 gesimi
668 2568 866 2613 secundi.
901 2569 962 2614 lta
994 2584 1126 2628 porro
1159 2568 1487 2613 carmelitarum
1527 2569 1839 2613 instauratricis
1878 2569 2017 2613 virtu-

484 2637 548 2674 tes
580 2629 820 2674 aemulasse
852 2630 940 2675 suis
972 2630 1314 2675 admiratoribus
1346 2629 1436 2674 visa
1469 2630 1566 2681 fuit,
1605 2639 1652 2674 ut
1694 2645 1791 2674 eam
1834 2629 2017 2675 alteram

483 2691 710 2736 Americae
742 2690 961 2735 Teresiam
996 2690 1204 2735 dixerint.
1239 2691 1354 2735 Num
1390 2699 1538 2735 tamen
1561 2690 1605 2735 id
1627 2690 1817 2751 elogium
1843 2706 2017 2751 prome-

484 2752 568 2796 rita
600 2751 670 2804 sit,
708 2751 1005 2797 difficillimum
1041 2752 1217 2797 videtur
1249 2751 1380 2796 modo
1415 2752 1625 2804 iudicare,
1665 2768 1763 2797 cum
1804 2753 1864 2797 ob
1909 2753 2019 2798 duo-

483 2826 585 2857 rum
617 2814 889 2859 saeeulorum
935 2813 1105 2873 lapsum
1146 2813 1302 2858 idonea
1350 2813 1612 2859 documenta
1656 2814 2020 2873 auctoritatesque

485 2872 744 2920 defecerint.
781 2874 973 2921 Sublatis
1006 2890 1197 2936 namque
1219 2873 1350 2934 primi
1374 2891 1423 2919 ac
1445 2874 1623 2920 secundi
1646 2874 1809 2920 ordinis
1839 2876 2025 2920 testibus

1873 2951 1892 2994 t
