2768 3568
813 239 903 284 428

804 311 1061 357 stiiieatione
1109 324 1192 368 qua
1244 306 1334 365 ipse
1381 312 1549 356 notatus
1600 303 1682 348 t'uit
1724 305 1913 349 maximo
1948 307 2000 351 ad
2037 308 2160 354 funus
2197 311 2293 357 Eius

810 388 1031 418 concursu.

684 435 791 480 234.
834 433 899 478 Aa
933 434 1009 477 hoc
1041 437 1186 475 autem
1221 427 1384 472 faciiius
1406 426 1725 486 assequendum
1749 426 2058 485 distinguenda
2081 440 2179 476 sunt
2202 448 2301 477 cum

813 493 1045 538 benedicto
1078 490 1178 534 XIV
1203 487 1401 533 adiuncta
1438 486 1508 531 itta
1536 503 1610 531 seu
1644 486 1986 533 circumstantiae
2009 504 2119 548 quae
2142 492 2306 539 dictum

810 556 970 599 Servae
1004 553 1082 596 Dei
1118 549 1287 594 obitum
1325 556 1668 607 praecesserunt,
1705 548 1904 593 comitata
1936 557 2049 601 sunt,
2087 559 2129 595 ct
2160 554 2308 599 subse-

813 622 927 664 cuta,
964 621 1004 656 et
1038 612 1105 656 bis
1138 611 1250 654 benc
1286 608 1507 669 perpensis
1540 607 1756 652 deducere
1804 609 2006 654 cumdem
2058 612 2228 658 obitum
2263 615 2304 659 in

812 682 1042 733 conspectu
1080 670 1275 721 Domini,
1315 677 1444 730 atque
1478 668 1607 712 etiam
1633 684 1774 713 coram
1801 669 2051 715 bominibus
2075 672 2208 717 fuisse
2232 691 2310 719 un-

813 734 1046 805 dequaque
1082 731 1333 791 pretiosum,
1370 729 1489 789 quod
1525 729 1669 787 paucis
1701 729 1941 775 conficiam.

692 796 799 842 235.
836 797 887 839 Et
922 809 1060 853 primo
1094 791 1408 836 consideranda
1443 789 1643 834 adiuncta
1678 789 1749 835 itta
1783 806 1893 849 quae
1925 793 2085 837 Sorvae
2110 795 2189 838 Dei
2215 796 2308 839 obi-

819 864 912 900 tum
950 867 1234 913 praecessere.
1273 851 1341 895 Ad
1375 865 1538 895 annum
1574 849 1727 894 aetatis
1759 866 1861 895 suae
1883 855 2248 911 septuagesimum
2266 864 2309 900 et

818 916 1058 961 seeundum
1097 919 1354 972 pervenerat
1386 914 1518 956 Serva
1556 911 1652 960 Dei,
1690 919 1731 954 et
1767 912 1927 956 iamdiu
1978 922 2143 959 matura
2192 917 2311 960 coeio

819 976 955 1035 gravi,
992 984 1034 1019 et
1069 973 1280 1033 pessimae
1305 971 1458 1016 indoiis
1483 971 1734 1016 infirmitate
1758 971 1937 1017 aflicitur
1962 974 2003 1017 in
2029 990 2112 1033 qua
2135 976 2315 1035 quidem

820 1037 1111 1096 spectaculum
1155 1034 1261 1077 faeta
1297 1041 1359 1076 est
1391 1033 1553 1075 «sunnonis
1576 1033 1649 1091 qui
1676 1032 1783 1076 lecto
1809 1035 1908 1077 Eius
1931 1034 2175 1080 adstabant.
2204 1038 2312 1081 nem

823 1099 878 1142 ita
915 1104 1059 1141 narrat
1103 1095 1239 1138 'Pestis
1275 1095 1312 1136 Χ
1349 1094 1538 1147 (Summ.
1574 1108 1694 1136 num.
1733 1095 1836 1137 ΧΙΧ
1870 1110 1994 1152 pagg.
2039 1095 2155 1146 timp
2181 1096 2308 1155 454.)

827 1180 841 1197 ι
874 1158 992 1202 Neiia
1041 1163 1161 1200 notte
1194 1154 1263 1198 dei
1299 1153 1489 1213 quindici
1524 1153 1560 1196 ai
1595 1152 1727 1197 sedici
1762 1154 1807 1198 di
1842 1154 2037 1198 Gennaio
2081 1155 2180 1200 deii'
2206 1173 2320 1201 anno

829 1240 844 1258 D
874 1213 1457 1263 miiieseicentosettantadue
1493 1213 1527 1257 ia
1562 1215 1695 1258 Serva
1729 1213 1772 1257 di
1810 1214 1890 1258 Dio
1925 1215 1966 1259 su
2004 1231 2125 1272 presa
2168 1217 2224 1260 da
2260 1233 2318 1261 un

832 1302 846 1318 ι»
879 1281 1046 1336 riget-go
1080 1276 1119 1320 ai
1152 1274 1337 1319 eerveiio
1370 1274 1446 1317 ebe
1480 1273 1511 1315 si
1548 1273 1707 1317 distese
1738 1275 1776 1318 ai
1812 1283 1946 1331 petto,
1975 1290 1999 1318 e
2034 1291 2138 1333 poco
2169 1278 2322 1321 manco

830 1362 844 1378 u
875 1340 952 1383 ebe
986 1339 1023 1382 ia
1057 1335 1298 1380 suffocasse.
1329 1355 1345 1373 ι
1383 1334 1526 1392 Atque
1559 1334 1627 1377 bie
1670 1341 1896 1393 postquam
1948 1336 2130 1394 pessima
2182 1337 2323 1381 morbi

825 1400 1023 1445 adiuncta
1058 1396 1271 1441 retuiisset
1307 1395 1423 1438 testis
1457 1403 1602 1438 narrat
1625 1409 1812 1452 quanam
1837 1396 2000 1440 ratione
2026 1396 2136 1441 ittius
2160 1398 2324 1442 incom-

825 1460 955 1506 moda
989 1469 1030 1502 et
1063 1457 1278 1502 cruciatus
1313 1454 1464 1498 eadem
1501 1455 1712 1514 perferret
1743 1455 1951 1501 subdens:
1978 1478 1993 1497 ι
2020 1458 2077 1501 La
2111 1459 2247 1503 Serva
2280 1458 2323 1502 di

835 1544 850 1562 »
881 1521 962 1565 Dio
996 1518 1167 1563 sot't'riva
1202 1533 1334 1561 aneor
1369 1516 1442 1573 piu
1478 1516 1726 1559 nett’anima
1749 1532 1824 1561 sua
1848 1517 1890 1560 di
1914 1519 2013 1577 quei
2037 1519 2114 1562 ebe
2141 1519 2327 1563 soss'risse

836 1604 851 1622 »
882 1581 950 1625 nei
983 1597 1058 1624 suo
1093 1594 1224 1637 corpo
1261 1592 1339 1635 per
1372 1591 1427 1619 un
1484 1576 1749 1620 abbandono
1783 1577 1811 1621 il
1846 1578 1946 1636 qua?¹
2024 1579 2082 1636 gti
2116 1579 2230 1624 dava
2268 1595 2325 1623 un

836 1663 852 1682 ι
881 1642 1031 1685 ultimo
1065 1646 1194 1684 tratto
1228 1638 1272 1682 di
1311 1637 1655 1695 rassomigiianza
1690 1638 1753 1681 eoi
1789 1653 1866 1682 suo
1899 1639 2059 1682 Divino
2091 1642 2246 1699 Sposo.
2270 1642 2330 1684 La

837 1724 853 1743 »
883 1711 1004 1761 parte
1037 1699 1259 1758 superiore
1293 1697 1544 1741 dcil'anima
1577 1713 1652 1741 sua
1676 1697 1842 1756 godeva
1863 1698 1906 1743 (Ιί
1933 1699 2093 1744 vedere
2115 1701 2154 1744 ia
2175 1709 2329 1745 natura

842 1786 857 1804 ι,
888 1764 1177 1807 inter-amente
1211 1760 1467 1810 abbattuta,
1506 1774 1529 1801 e
1562 1758 1783 1803 croceiissa
1818 1774 1897 1803 con
1931 1760 2047 1805 Gesu
2081 1761 2238 1813 Cristo,
2276 1761 2331 1806 ed

839 1846 855 1864 ι
886 1826 983 1868 Essa
1017 1839 1089 1866 era
1127 1828 1279 1880 pronta
1315 1837 1337 1864 a
1371 1819 1536 1863 soss'rire
1570 1819 1612 1863 in
1648 1820 1705 1863 ta!
1740 1820 1859 1877 guisa
1891 1820 1978 1866 fine
2012 1822 2051 1865 ai
2086 1822 2238 1879 giorno
2263 1822 2332 1866 dei

842 1907 858 1925 ι
887 1884 1090 1944 giudicio,
1128 1898 1173 1925 se
1208 1882 1292 1925 tale
1327 1881 1434 1924 fosse
1467 1887 1576 1924 stata
1611 1881 1650 1924 ia
1685 1880 1858 1925 voionta
1892 1881 1934 1925 di
1959 1882 2058 1926 Dio.
2086 1884 2250 1939 Quindi
2277 1883 2338 1927 in-

847 1967 863 1986 »
891 1945 1086 1989 chindata
1123 1942 1191 1986 nel
1224 1958 1301 1986 suo
1336 1941 1455 1992 tetto,
1495 1940 1533 1984 ia
1567 1942 1711 1986 Madre
1744 1941 2149 1987 deii'lncarnazionc
2183 1944 2334 1988 oss'riva

843 2029 858 2046 ι,
888 2007 933 2050 di
968 2006 1011 2048 se
1047 2020 1132 2048 uno
1166 2001 1398 2061 spettacoio
1431 2001 1510 2045 che
1544 2002 1707 2059 rapiva.
1745 2003 1950 2058 Quantita
1982 2004 2025 2048 di
2061 2020 2277 2062 persone,
2315 2020 2339 2048 a

844 2089 858 2107 ι
889 2067 957 2111 cui
991 2081 1074 2109 non
1111 2063 1144 2107 si
1181 2073 1335 2121 poteva
1368 2061 1473 2105 dare
1507 2078 1564 2105 un
1600 2062 1746 2106 rifiuto
1779 2063 1824 2107 di
1861 2064 2052 2113 vederla,
2089 2065 2336 2110 rimaneva-

845 2150 860 2169 a
892 2144 947 2171 no
982 2125 1194 2170 immobili
1232 2139 1309 2183 per
1356 2123 1393 2167 la
1441 2123 1692 2181 mei-avigiia
1720 2156 1729 2173 ,
1766 2139 1790 2167 e
1825 2139 1909 2167 non
1942 2125 1976 2168 si
2012 2134 2228 2183 potevano
2265 2126 2338 2184 piu

846 2211 862 2229 ι.
891 2188 1125 2232 distaecare
1159 2184 1228 2228 «tat
1254 2183 1480 2228 rimiraria.
1504 2183 1625 2227 Nolle
1648 2198 1724 2227 sue
1747 2183 1911 2241 parole,
1939 2187 2009 2229 nel
2033 2202 2109 2229 suo
2131 2187 2336 2244 sguardo,

847 2272 863 2290 »
893 2250 935 2292 in
972 2255 1080 2291 tutto
1116 2246 1143 2289 it
1178 2261 1254 2289 suo
1287 2251 1498 2300 contegno
1532 2243 1564 2286 si
1600 2244 1882 2287 manifestava
1927 2261 2009 2289 una
2052 2246 2246 2291 dolcezza
2285 2247 2340 2291 ed

849 2333 864 2351 ι»
894 2326 977 2354 una
1012 2306 1213 2358 scx‘enita,
1252 2307 1291 2349 le
1324 2304 1443 2363 quali
1477 2304 1769 2361 cagionavano
1804 2304 2065 2358 devozione,
2104 2323 2127 2350 e
2162 2308 2346 2351 meravi-

848 2393 864 2411 ι,
894 2371 996 2430 gtia.
1048 2369 1140 2412 Elia
1174 2382 1259 2410 non
1294 2380 1429 2409 aveva
1464 2365 1573 2408 altro
1596 2366 1660 2408 sut
1683 2380 1759 2408 suo
1782 2365 1935 2409 labbro
1968 2367 2047 2411 che
2079 2377 2231 2427 queste
2266 2385 2342 2427 pa-

847 2454 862 2472 »
895 2432 1001 2480 rote,
1028 2431 1067 2474 le
1093 2428 1210 2488 quati
1234 2443 1367 2472 erano
1390 2425 1505 2470 datia
1535 2425 1773 2470 medesima
1808 2426 1994 2485 ripetute
2016 2444 2094 2471 con
2121 2444 2204 2473 una
2227 2437 2347 2473 santa

847 2514 864 2533 ι
892 2492 1021 2552 gioia:
1042 2516 1068 2523 —
1083 2490 1251 2535 Christo
1274 2486 1443 2532 confixa
1465 2502 1559 2530 sum
1584 2487 1756 2531 Cruci.-
1784 2489 1897 2531 Haec
1918 2504 2046 2547 porro
2070 2490 2343 2542 commentis,

838 2563 880 2599 et
913 2555 1049 2613 glossa
1068 2550 1188 2595 baud
1206 2558 1350 2609 egent,
1373 2548 1481 2592 adeo
1506 2561 1696 2607 namque
1716 2556 1879 2606 aperte,
1895 2557 1938 2593 et
1963 2549 2146 2594 indubie
2165 2551 2349 2595 demon-

844 2622 981 2660 strant
1028 2612 1386 2673 perfectissimam
1436 2611 1594 2654 Servae
1645 2609 1728 2652 Dei
1780 2624 1877 2653 cum
1931 2610 2079 2655 divina
2128 2612 2350 2656 voluntate

844 2676 1209 2723 conformitatem,
1248 2688 1326 2716 nec
1360 2670 1519 2714 mirum
1553 2686 1650 2713 cum
1689 2685 1767 2728 per
1790 2671 2004 2730 integrum
2028 2672 2143 2717 vitae
2169 2681 2342 2731 tempus

846 2737 1007 2781 Eadem
1059 2735 1234 2794 propria
1283 2733 1502 2776 voluntate
1536 2731 1863 2790 quodammodo
1897 2733 2081 2784 abiecta,
2119 2742 2161 2777 ct
2196 2733 2353 2793 procui

848 2797 1079 2842 amandata
1114 2795 1286 2839 nonnisi
1321 2808 1433 2853 quae
1467 2794 1560 2835 Deo
1594 2792 1750 2849 piacita
1774 2802 1894 2837 erant
1922 2794 2017 2839 fecit
2044 2810 2231 2854 semper.
2259 2793 2345 2839 Sed

846 2867 1135 2919 prosequatur
1167 2856 1303 2899 Testis
1351 2853 1643 2898 narrationem
1680 2869 1820 2898 suam.
1864 2875 1879 2893 α
1903 2855 1955 2899 ΑΙ
1988 2856 2141 2915 quinto
2176 2857 2345 2915 giorno,

854 2942 869 2959 „
901 2922 996 2978 lpsa
1027 2919 1102 2970 ait,
1141 2919 1180 2961 te
1213 2930 1402 2960 vcnnero
1452 2913 1760 2958 amministrati
1793 2915 1849 2974 gli
1887 2916 2026 2960 ultimi
2060 2916 2344 2962 Sacramenti.
