2656 3584
617 263 675 306 m

609 335 771 379 subire.
810 338 897 381 iioc
930 336 1180 395 praemisso,
1221 336 1460 387 videamus,
1498 344 1536 382 ei
1575 337 1792 396 pauiispcr
1822 337 2128 398 investigemus

610 413 662 439 an
699 397 801 441 haee
836 398 1045 456 applicari
1083 399 1240 455 possint
1279 399 1489 456 praesenti
1526 414 1694 442 causae.

735 459 809 502 25.
854 458 1050 502 Proiecto
1099 460 1130 502 si
1182 459 1396 517 tripiicem
1448 459 1773 519 inquisitionem
1823 460 2121 506 Canadcnsenn

612 518 932 577 pei-voivamus,
971 519 1244 563 inveniemus
1276 520 1455 578 quidem
1493 520 1721 564 nonniuiios
1756 527 1880 562 testes
1915 519 2017 578 (non
2065 531 2129 566 ta-

612 594 712 622 men
747 580 913 639 omnes)
948 581 1020 640 qui
1047 580 1087 623 iu
1115 581 1258 639 primo
1283 583 1485 625 Processu
1512 582 1552 624 in
1578 581 1845 636 Quebecensi
1870 582 2000 625 (Iuria
2032 598 2130 626 con-

611 648 772 683 structo
805 640 979 684 subiere
1013 657 1212 693 examen,
1251 641 1291 684 in
1325 642 1515 686 secundo
1556 656 1733 701 quoque
1771 641 1960 684 examini
2002 642 2130 687 inisse.

612 700 844 745 subiectos.
884 702 979 745 iiios
1010 718 1189 762 quoque
1222 702 1298 760 qni
1334 703 1376 746 in
1404 703 1481 747 hoc
1503 703 1637 746 aitero
1664 704 1864 745 Processu
1894 704 2127 747 examinasti

613 761 804 812 fuerunt,
845 763 885 805 in
924 764 1045 807 tertia
1071 763 1354 824 inquisitione
1379 764 1540 821 pariter
1565 763 1691 806 inisse
1714 778 1928 805 excussos.
1952 764 2003 805 At
2030 774 2131 822 peto

613 822 669 865 ab
693 822 951 867 Adversarii»
978 825 1340 883 praestantissimo
1377 825 1417 867 iu
1454 825 1590 867 tribus
1625 824 1706 866 iam
1742 821 1866 867 dictis
1892 824 2133 881 inquisitio-

616 884 744 926 nibus
778 884 905 927 iidem
941 900 1111 943 semper
1143 886 1309 929 articuli
1345 885 1523 928 exhibiti
1561 886 1747 932 fuerunt.
1774 883 1926 927 eadem
1959 901 2131 942 prorsus

614 945 945 1001 lutei-rogatoria
981 947 1197 1004 proposita
1234 945 1348 989 iuxta
1384 962 1495 1004 quae
1521 954 1646 989 testes
1670 945 1802 989 iidezn
1827 944 2041 989 deberent
2065 962 2133 989 ro-

614 1003 735 1061 gari?
770 1006 819 1047 Ut
856 1005 1098 1049 huiusmodi
1136 1022 1258 1049 meae
1290 1007 1529 1065 quaestioni
1565 1015 1750 1055 certum,
1783 1014 1825 1050 et
1859 1013 1998 1048 tutum
2035 1007 2129 1050 dari

614 1066 744 1123 possit
781 1081 1030 1124 responsum
1068 1067 1125 1110 nii
1162 1066 1277 1110 aiiud
1313 1083 1414 1110 sani!
1450 1068 1687 1127 requiritur
1721 1067 1799 1110 uisi
1822 1065 2005 1123 simplex
2030 1069 2133 1110 i‘ro-

615 1141 811 1169 cessuum
847 1127 1078 1177 dictorum,
1119 1128 1205 1171 imo
1240 1128 1306 1170 vei
1332 1129 1462 1185 ipsius
1484 1128 1716 1172 Sumniarii
1744 1127 2047 1185 pei-volutatio.
2073 1130 2131 1171 Ex

616 1187 694 1230 hae.
732 1203 829 1230 vero
865 1195 1010 1245 aperte
1046 1189 1177 1246 liquet
1216 1188 1257 1230 in
1294 1204 1559 1247 unoquoque
1592 1205 1644 1231 ex
1680 1189 1817 1231 tribus
1850 1187 1929 1230 iiiis
1966 1189 2138 1231 Proces-

616 1247 735 1292 s'bus
769 1249 1122 1306 interrogationes
1156 1250 1343 1293 extitisse
1379 1265 1550 1307 prorsus
1583 1249 1774 1293 diversas
1794 1282 1803 1299 ,
1825 1265 1870 1291 ac
1892 1248 2131 1292 distinctas.

616 1309 685 1351 Sic
719 1309 903 1367 exempli
939 1312 1072 1367 gratia
1108 1310 1147 1353 in
1186 1310 1327 1368 primo
1353 1311 1554 1354 Processu
1581 1310 1718 1353 maior
1742 1308 2134 1366 interrogationum

617 1384 713 1426 pars
747 1369 918 1429 respicit
951 1371 1113 1413 eutium
1147 1373 1305 1415 Sei-vae
1342 1371 1421 1414 Dei
1459 1372 1734 1430 praestitum,
1774 1378 1816 1413 et,
1849 1370 2134 1421 exhibitum,

616 1439 655 1472 ei
693 1446 829 1489 pauca
863 1430 918 1473 de
955 1433 1081 1474 Fama
1115 1432 1361 1476 Sanctitatis
1396 1432 1494 1476 Eius
1517 1447 1564 1476 ac
1591 1432 1804 1475 miraculis
1827 1431 2043 1474 habentur
2066 1432 2133 1473 in-

620 1491 974 1549 terrogator-imm
1006 1493 1213 1536 nonnuiia
1247 1492 1303 1536 de
1335 1493 1515 1537 heroicis
1560 1492 1761 1537 Eiusdem
1798 1491 2026 1536 virtutibus
2047 1525 2056 1542 ,
2094 1500 2139 1535 et

622 1551 819 1610 supernis
852 1553 1197 1597 charismatibus.

740 1614 815 1655 26.
856 1615 962 1657 iiiuc
996 1630 1096 1658 vero
1132 1614 1357 1659 necessitas
1393 1625 1435 1658 et.
1467 1615 1644 1674 quidem
1667 1615 1861 1658 absoiuta
1885 1613 2016 1657 aiium
2036 1615 2137 1656 Pro-

619 1689 784 1718 cessum
818 1674 1147 1719 iniornnativum
1186 1676 1226 1717 in
1262 1675 1376 1719 dicta
1412 1677 1538 1720 Curia
1573 1676 1841 1731 Quebecensi
1875 1673 2136 1718 conficiendi

622 1736 663 1778 in
699 1751 784 1794 quo
820 1743 946 1778 testes
979 1736 1067 1779 sive
1103 1737 1187 1779 iam
1238 1738 1394 1795 recepti
1431 1745 1470 1780 ct
1505 1736 1640 1794 rogati
1676 1735 1717 1779 in
1756 1736 1893 1794 primo
1934 1737 2139 1778 Processu

622 1795 767 1855 quoad
802 1795 963 1839 ruitum
999 1797 1157 1841 Servae
1193 1797 1271 1839 Dei
1306 1797 1576 1848 exhibitum,
1616 1797 1681 1840 vei
1716 1797 1852 1840 reiate
1885 1804 2050 1839 tantum
2086 1794 2142 1838 ad

622 1857 929 1901 miraculorum
967 1859 1155 1908 Famam,
1193 1857 1335 1916 aliqua
1373 1858 1614 1916 proferrent
1650 1858 1703 1901 dc
1744 1857 1984 1916 praecipuis
2030 1856 2142 1898 vitae

622 1920 784 1962 Servae
821 1918 897 1961 Dei
934 1918 1077 1974 gestis,
1114 1935 1162 1961 ac
1196 1920 1451 1976 praesertim
1486 1918 1539 1962 de
1573 1918 1751 1962 heroicis
1778 1918 1978 1961 Eiusdem
2004 1916 2139 1963 virtu-

625 1980 755 2022 tibus.
792 1979 918 2034 Quod
962 1979 1140 2037 quidem
1184 1980 1389 2022 amussim
1441 1980 1516 2037 ipsi
1560 1980 1880 2037 praestiterum.
1917 1977 2005 2023 Sed
2040 1977 2140 2020 iicet

624 2040 777 2088 multa,
815 2049 857 2082 ct
891 2040 1031 2096 gravis
1063 2049 1176 2083 certe
1212 2041 1423 2084 momenti
1460 2040 1591 2084 iidem
1640 2041 1696 2084 de
1743 2039 1924 2083 heroicis
1973 2038 2143 2082 Sororis

625 2102 781 2146 Max-iae
814 2102 871 2144 ab
907 2100 1203 2144 incarnatione
1235 2101 1530 2159 deposuerint,
1569 2110 1760 2144 attamen
1795 2099 1955 2157 duplici
1983 2114 2034 2141 ex
2074 2115 2142 2142 ea-

628 2162 716 2221 pite
750 2161 911 2220 aliquid
946 2161 1083 2205 adhuc
1116 2161 1365 2206 huiusmodi
1402 2161 1673 2221 inquisitioni
1707 2161 1856 2204 deesse
1889 2159 2140 2204 videbatur.

626 2221 772 2267 Primo
805 2223 920 2265 enim
953 2238 1025 2265 sex
1061 2231 1227 2266 tantum
1264 2239 1446 2266 innuero
1482 2230 1608 2266 testes
1633 2223 1672 2266 in
1697 2222 1813 2265 dicto
1835 2221 2023 2265 secundo
2041 2222 2144 2263 i‘ro-

627 2299 746 2328 eessu
780 2299 960 2328 examen
995 2284 1239 2334 subierunt,
1260 2292 1302 2327 et
1323 2283 1503 2342 qu‘dxun
1528 2299 1680 2326 omues
1702 2299 1755 2327 ex
1780 2282 1995 2340 Religiosa
2015 2281 2144 2324 Ursu-

627 2345 812 2389 iinarum
846 2343 1191 2399 Qneiwccnsium
1230 2345 1406 2394 familia,
1438 2354 1481 2388 et
1502 2344 1618 2402 quod
1655 2344 1786 2402 piuris
1809 2352 1871 2387 est
1896 2343 1992 2385 iicet
2023 2342 2143 2399 ipsae

627 2420 742 2465 quae
774 2405 1048 2466 deponebant
1085 2421 1137 2448 ex
1173 2406 1405 2454 traditione
1440 2407 1569 2449 etiam
1612 2405 1716 2448 orati
1762 2404 2052 2462 accepissent,
2097 2410 2143 2445 ut

611 2466 867 2525 plurimum
905 2475 1046 2509 tamen
1082 2464 1137 2509 de
1170 2466 1248 2510 hae
1283 2482 1360 2510 nec.
1393 2466 1685 2524 interrogatae
1717 2465 1899 2515 fuerant,
1928 2478 2005 2507 nec
2029 2463 2148 2507 testi-

630 2527 780 2571 ticatae
812 2536 952 2571 crant.
990 2529 1227 2586 Eapropter
1260 2528 1549 2572 necessarium
1586 2527 1726 2570 visum
1759 2534 1824 2569 est
1858 2534 1902 2569 ut
1936 2524 2059 2567 tertia
2084 2525 2149 2567 in-

630 2587 805 2647 quisitio
837 2588 1079 2646 suppletiva
1116 2587 1415 2632 institueretur
1450 2589 1490 2631 in
1523 2604 1611 2647 qua
1635 2596 1676 2630 et.
1701 2587 1845 2645 piures
1880 2601 2062 2629 numero
2087 2593 2149 2628 te-

631 2657 717 2691 stes
748 2648 801 2693 ad
835 2665 1017 2694 examen
1055 2656 1311 2692 vocarentur
1352 2649 1606 2707 praesertim
1652 2664 1705 2691 ex
1747 2647 1958 2691 extrancis
2007 2645 2149 2690 dictae

632 2710 931 2755 Ursuiinarum
966 2710 1312 2767 Qucbeeensium
1345 2709 1551 2754 Familiae
1585 2717 1628 2752 ct
1662 2709 1702 2751 hi
1735 2709 1915 2769 quidem
1941 2723 2025 2751 una
2047 2721 2147 2750 cum

631 2786 705 2814 sex
739 2771 833 2815 aiiis
866 2772 909 2816 in
944 2771 1076 2815 altera
1111 2771 1394 2831 inquisitione
1428 2769 1631 2819 excussis,
1670 2770 1755 2813 imo
1789 2778 1831 2813 ct
1864 2785 1962 2813 com
1999 2776 2150 2811 caete-

633 2834 690 2875 ris
726 2832 890 2892 primae
925 2831 1212 2891 inquisitionis
1248 2833 1427 2876 testibus
1451 2847 1499 2876 ea
1523 2830 1667 2874 omnia
1701 2839 1744 2875 et
1776 2831 1941 2889 singula
1977 2846 2053 2888 pro
2078 2843 2149 2871 ve-

632 2893 758 2941 ritate
803 2894 1013 2939 referrent
1058 2909 1169 2954 quae
1214 2909 1266 2937 ex
1313 2892 1545 2938 traditione
1584 2892 1674 2936 sive
1718 2892 1822 2936 oraii
1861 2892 1950 2936 sive
1994 2889 2151 2948 scripta
