2744 3584
2076 255 2133 296 ut)

619 326 838 370 talanta-n.-
872 327 1054 370 arduam
1090 326 1368 370 Pei-fectioni<
1400 326 1600 370 semitam
1652 326 1772 384 qui
1815 327 2128 385 concupiwwit.

633 390 725 443 Qua
764 408 769 429 ι
810 396 850 431 nt
888 387 1047 432 facilius
1080 387 1245 445 assequi
1284 395 1438 445 posset,
1467 403 1515 431 ac
1541 387 1670 431 naim
1696 386 1858 429 mundo
1890 387 2131 431 valedicere

634 457 833 490 statuerat
872 448 912 490 iu
949 447 1079 490 corde
1112 463 1205 496 suo,
1243 456 1279 490 et
1322 448 1575 505 lleligiosam
1612 456 1774 491 vestem
1813 446 2008 492 induere.
2049 449 2130 491 lm-

637 508 779 565 pedita
815 515 1041 566 parentum
1079 516 1308 565 praecepto
1342 508 1571 565 quominus
1596 508 1636 552 id
1661 508 1903 551 executioni
1929 509 2127 552 commit-

636 577 758 618 teret,
798 568 968 626 nuptias
1001 567 1228 619 contrabit,
1253 576 1380 626 atque
1413 568 1453 611 in
1489 584 1541 611 eo
1574 577 1684 611 stau·
1720 577 1880 629 ‹piantu
1916 569 2133 613 alacritate

634 637 764 687 atque
813 628 944 672 animi
982 627 1326 686 promptitudine
1362 629 1491 672 ardua
1526 644 1749 689 ‹pau-que.
1798 646 1846 673 ae
1879 629 2133 674 (lil'lieillima

637 705 710 747 pro
733 698 905 733 aeterna
929 704 1021 738 sua,
1043 699 1079 732 et
1106 704 1282 733 suorum
1307 689 1440 732 salute
1463 690 1726 748 assmpwnda
1750 705 1946 747 aggressa
1970 692 2022 734 sit
2048 691 2130 734 iam

637 750 749 800 satis,
786 764 1001 808 superque
1035 749 1197 793 dictum
1233 758 1311 793 est.
1350 750 1392 791 ln
1418 758 1530 793 statu
1558 750 1779 794 viduitatis
1802 766 1974 810 quoque
2007 751 2129 809 plura

636 814 814 854 Sei-vam
852 811 927 853 t)‹·i
965 810 1220 868 praestitisse
1256 811 1339 854 iam
1374 810 1650 854 observatum
1687 810 1776 854 site
1800 812 1940 870 ‹pioad
1967 811 2129 868 religio-

637 885 723 914 sam
760 880 800 912 rt
835 871 1003 913 civilem
1042 870 1112 913 lilii
1149 872 1211 913 sui
1246 871 1566 921 (durationem,
1604 872 1694 914 sive
1718 872 1858 929 ‹pioad
1884 871 2132 914 ‚sm-vitutem

637 931 872 974 exhibitam
907 931 1041 974 sorori
1078 931 1117 974 in
1155 931 1337 988 negotiis
1371 932 1458 974 eim
1481 932 1643 983 arduis,
1672 940 1714 974 et
1737 931 2002 975 dil'licillimis
2039 947 2135 990 per-

641 992 887 1035 tractandis.
914 991 1128 1048 Quoniam
1155 1007 1258 1034 vero
1282 1008 1329 1035 ea
1356 993 1501 1035 omnia
1536 996 1665 1036 Serva
1704 992 1779 1036 nvi
1816 993 1869 1036 ad
1908 994 2011 1035 teum
2037 1008 2136 1035 con-

639 1052 800 1110 fugiens
834 1052 1050 1096 eharitatis
1081 1053 1253 1095 stimulo
1291 1054 1538 1110 peragebat,
1584 1053 1682 1096 ltine
1727 1054 1839 1096 Deus
1888 1053 2134 1097 lmiusmodi

643 1113 702 1157 ΙΙΙί
748 1113 921 1156 eontulit
976 1113 1153 1170 gratiam
1209 1122 1249 1155 nt
1305 1113 1505 1156 facillime
1539 1129 1738 1171 «piaeque
1773 1114 2014 1171 expediret.
2053 1114 2135 1156 Te-

250 1208 269 1223 .
640 1174 711 1216 stis
747 1175 819 1216 itt
857 1175 1044 1231 (Summ-
1085 1190 1207 1217 num.
1247 1176 1297 1216 lll
1337 1190 1431 1232 pag.
1471 1175 1543 1217 47.
1578 1194 1592 1212 «
1626 1175 1681 1216 La
1716 1177 1846 1218 Serva
1881 1174 1925 1217 di
1964 1175 2047 1216 Dio
2071 1191 2136 1216 oe-

647 1257 659 1271 »
689 1235 920 1293 rimandosi
957 1234 1001 1277 di
1039 1242 1146 1276 tutto
1182 1234 1245 1276 eio
1280 1252 1301 1278 a
1339 1234 1500 1277 motivo
1536 1235 1578 1277 di
1612 1234 1759 1284 carita,
1790 1251 1872 1278 non
1905 1250 1956 1278 ne
1983 1234 2136 1278 veniva

648 1318 660 1331 »v
690 1294 902 1337 ‹lisa-ana.
944 1294 1062 1349 Negii
1095 1295 1248 1337 eccessi
1284 1296 1398 1338 della
1433 1295 1555 1339 l'atica
1583 1296 1668 1338 Ella
1693 1295 1727 1337 si
1754 1296 1973 1353 rivolgeva
1998 1297 2035 1338 al
2060 1311 2136 1337 suo

645 1377 659 1392 »
693 1355 846 1397 Divino
883 1355 1052 1411 ttit‘ugio
1085 1371 1164 1397 con
1199 1356 1458 1398 semicinctio
1493 1356 1535 1398 di
1573 1356 1743 1406 fidncia,
1771 1356 1822 1398 ed
1852 1358 1949 1399 Esso
1975 1356 2014 1398 le
2039 1371 2133 1398 ren-

645 1438 659 1452 »
688 1415 798 1458 deva
835 1423 938 1458 tutte
973 1415 1012 1457 le
1045 1431 1138 1457 cose
1172 1417 1354 1471 agevoli.
1396 1418 1436 1458 h·
1473 1431 1616 1459 mezzo
1651 1434 1673 1460 a
1701 1417 1795 1459 tutti
1819 1417 1966 1460 cotesti
2002 1417 2138 1460 imba-

648 1498 661 1513 »
693 1476 794 1519 razzi
830 1477 1056 1519 sembi-ava
1092 1476 1169 1518 cbe
1204 1475 1324 1531 dessa
1359 1476 1390 1518 si
1428 1485 1615 1519 trovasse
1651 1478 1691 1519 in
1728 1492 1868 1519 mezzo
1901 1478 2034 1520 adun
2060 1477 2134 1521 de-

649 1559 662 1574 »
692 1546 827 1587 ικ’(ῚἹυς
866 1536 890 1578 l'
915 1537 1073 1579 unione
1107 1536 1184 1578 elie
1219 1552 1352 1579 aveva
1387 1552 1462 1579 con
1498 1537 1582 1579 Dio
1628 1537 1667 1580 la
1703 1537 1892 1580 rendeva
1943 1538 2044 1580 ilare
2067 1570 2076 1588 ,
2115 1554 2138 1581 e

645 1620 659 1635 »
689 1597 848 1654 giuliva
883 1614 905 1640 a
941 1598 996 1641 tal
1031 1612 1192 1653 segne,
1230 1598 1306 1641 elie
1340 1597 1558 1641 sarebbesi
1594 1597 1775 1640 creduto
1807 1598 1884 1641 ebe
1926 1597 2011 1641 Ella
2049 1606 2134 1640 tra-

647 1680 660 1695 »
693 1658 898 1716 vagliasse
932 1674 1011 1716 per
1047 1657 1343 1701 inclinazione.
1379 1679 1393 1696 n

517 1721 622 1763 459.
664 1721 774 1762 llaec
807 1718 985 1777 quidem
1023 1718 1225 1761 liduciam
1260 1722 1418 1764 Sci-vae
1452 1720 1532 1763 Dei
1568 1726 1610 1761 et
1644 1718 2005 1776 Magnilicentiam
2047 1720 2137 1763 sive

642 1780 681 1823 in
717 1780 862 1823 arduis
907 1788 949 1822 et
997 1779 1266 1823 difficillimis
1301 1780 1577 1829 inchoandis,
1616 1780 1706 1823 sive
1743 1780 1784 1822 in
1821 1779 1969 1824 iisdem
2005 1780 2142 1824 eonti-

642 1841 826 1884 nuandis
861 1841 1051 1898 produnt
1085 1840 1366 1898 singularem,
1390 1856 1539 1884 verum
1565 1841 1775 1884 maiorem
1798 1856 1914 1891 sane,
1937 1849 1978 1884 et
2002 1841 2140 1898 inagis

641 1902 793 1945 miram
829 1901 990 1945 Eadem
1030 1909 1254 1959 utramque
1288 1902 1539 1959 praesetulit·
1572 1917 1668 1944 eum
1706 1909 1846 1945 aetum
1881 1910 1943 1944 est
1976 1902 2030 1946 de
2060 1904 2141 1945 lte-

642 1963 791 2021 ligioso
827 1962 1023 2006 instituto
1046 1963 1364 2020 amplectendo.
1393 1965 1435 2005 ln
1461 1963 1540 2005 boc
1565 1977 1754 2020 namque
1776 1962 2032 2021 exequendo
2058 1971 2136 2012 tot,

647 2032 847 2082 tantaque
880 2039 1084 2081 superare
1117 2025 1247 2066 Serva
1287 2023 1363 2065 l)ei
1399 2023 1549 2066 debuit
1584 2023 1821 2073 obstacula,
1862 2032 1909 2065 ut
1945 2023 2022 2065 nisi
2059 2025 2142 2066 be-

643 2085 753 2127 roica
789 2085 989 2129 decorata
1024 2085 1113 2141 lpsa
1151 2084 1295 2126 suisset
1329 2084 1624 2133 Fortitudine‚
1662 2092 1704 2125 ct
1738 2083 1829 2125 sine.
1867 2085 2139 2141 praepotenti

642 2145 803 2202 gratiae
837 2145 1010 2195 auxilio,
1048 2145 1216 2186 animus
1249 2144 1420 2190 eadere.
1447 2162 1493 2187 ac
1516 2144 1799 2187 succumbere
1822 2145 1903 2187 sub
1926 2159 2055 2187 onere
2081 2153 2141 2187 tot

644 2205 978 2252 obstaculorum,
1017 2221 1065 2247 ae
1098 2204 1397 2247 difficultatum
1431 2212 1548 2247 certo
1583 2204 1820 2247 debuisset.
1862 2204 1972 2248 Nihil
1999 2204 2141 2249 dicam

641 2266 695 2308 (le
729 2265 1056 2308 difficultatibus
1089 2281 1141 2307 ex
1176 2273 1297 2323 parte
1333 2265 1505 2308 illorum
1551 2264 1761 2308 derivatis
1807 2265 1882 2322 qui
1933 2266 1988 2309 ad
2038 2266 2138 2309 Eius

644 2327 813 2384 nuptias
847 2325 972 2369 avide
1007 2326 1270 2383 aspirabant.
1309 2325 1419 2369 Nihil
1453 2326 1615 2384 pariter
1648 2325 1791 2368 dicam
1826 2325 1880 2368 de
1921 2326 2000 2369 iltis
2025 2342 2138 2385 quae

641 2396 813 2429 exortae
847 2394 942 2429 sunt
975 2402 1029 2429 ex
1055 2394 1174 2444 parte
1200 2386 1518 2431 ›tuden-auorum
1542 2386 1830 2430 conscientiae
1853 2390 2014 2431 Sorvae
2034 2388 2133 2430 Dei.

641 2447 752 2490 Nihil
786 2447 840 2491 de
875 2448 922 2490 iis
955 2448 1047 2490 aliis
1081 2447 1341 2505 gvavissimis
1375 2463 1427 2490 ex
1461 2447 1579 2491 totali
1604 2448 1819 2490 bonorum
1847 2449 2042 2491 fortunae
2066 2448 2142 2491 de-

645 2508 756 2552 l'eetu
791 2510 926 2551 enatis
960 2509 1191 2566 praecipue
1225 2508 1327 2566 quia
1364 2508 1466 2551 nibil
1502 2508 1700 2551 omnium
1739 2516 1903 2565 poterat
1939 2508 2027 2552 lilio
2064 2524 2141 2551 re—

643 2569 834 2627 linquere
880 2569 931 2613 ad
981 2569 1045 2613 sui
1094 2568 1467 2612 sustentationem.
1507 2571 1648 2612 Unum
1683 2569 1986 2612 tantummodo
2025 2585 2142 2613 com-

644 2631 908 2680 memorabo,
948 2639 1025 2680 tot,
1067 2639 1269 2688 tantaque
1303 2646 1356 2673 ex
1392 2639 1510 2688 parte
1547 2629 1624 2673 lilii
1667 2638 1709 2672 et
1757 2630 1965 2687 genitoris
2004 2631 2139 2674 obve-

644 2691 752 2734 nisse
785 2692 1002 2734 obstacula
1037 2691 1091 2734 ad
1126 2690 1455 2748 impediendum
1488 2693 1649 2736 Sorvae
1684 2691 1763 2733 Dei
1808 2690 2043 2748 ingressum
2095 2692 2139 2734 in

643 2752 903 2808 Religiosum
941 2753 1184 2796 institutum
1222 2760 1265 2794 ut
1291 2751 1488 2810 prodigio
1510 2761 1628 2795 certe
1653 2751 1838 2794 adscribi
1866 2753 1996 2810 possit
2018 2752 2141 2810 quod

642 2813 746 2857 illud
781 2829 905 2856 suum
942 2813 1213 2871 propositum
1248 2813 1408 2857 Eadem
1442 2813 1686 2857 executioni
1724 2812 2010 2856 inandaverit.
2058 2816 2141 2857 Te-

644 2874 718 2916 stis
752 2875 791 2916 X
828 2874 1015 2932 (Summ.
1054 2889 1172 2916 num.
1201 2875 1256 2917 ΙΙΙ
1292 2890 1389 2932 pag.
1415 2874 1508 2932 29),
1543 2895 1558 2912 a
1590 2875 1647 2917 La
1679 2875 1811 2919 Serva
1844 2873 1888 2917 di
1936 2874 2016 2917 Dio
2059 2874 2142 2918 sol'-
