2616 3600
1008 251 1628 366 QUEBECEN.

708 428 1257 484 BEATIFICATIONIS
1298 430 1375 484 ET
1416 430 1938 485 cANoNtzATIONtS

1165 522 1368 562 SERVAE
1396 523 1480 563 mu

569 610 920 719 SORORIS
945 608 1281 718 MARIAE
1308 611 1421 718 ΑΒ
1445 611 2077 722 INCARNATIONE

787 769 1124 809 FUNDATRIOIS
1151 770 1460 809 MONAS't'ERtI
1489 769 1870 810 URSULtNAuUM

1073 859 1113 889 lN
1133 860 1320 891 civium
1340 860 1589 892 omnem-:uss

945 922 1705 1045 mroffiATlo

1130 1101 1306 1146 SUPER
1339 1102 1513 1145 DUfflo

575 1212 657 1264 An
692 1211 762 1261 sit
795 1208 1066 1276 siquanda
1109 1208 1408 1261 Commz'sse'o
1439 1210 1849 1262 Introductiom's
1883 1209 2083 1263 Causae

713 1289 771 1340 in
813 1303 959 1346 casu,
999 1294 1050 1337 ee
1086 1288 1157 1337 ad
1201 1289 1443 1354 effectum
1477 1289 1540 1339 de
1576 1304 1679 1357 quo
1723 1288 1946 1356 aqz‘tur?

833 1501 983 1561 Eme
1028 1513 1090 1560 et
1138 1503 1291 1561 Rme
1339 1501 1607 1560 Domine

522 1747 564 1789 1.
600 1699 701 1801 Qui
737 1746 906 1790 sortiter
937 1761 1074 1805 aeque
1106 1760 1155 1790 ac
1187 1745 1377 1789 suaviter
1400 1741 1592 1803 disponit
1616 1742 1759 1788 omnia
1782 1742 1824 1787 in
1848 1759 1923 1787 sua
1942 1744 2136 1802 potentia

639 1815 685 1849 et-
716 1805 914 1851 bonitate
955 1809 1072 1851 Deus
1116 1806 1168 1851 ad
1214 1815 1400 1849 nostram
1449 1806 1555 1848 hanc
1596 1813 1781 1849 aetatem
1821 1804 2136 1862 sapientissimo

639 1867 816 1911 consitio
850 1884 926 1912 suo
949 1867 1324 1926 pertractationem
1349 1867 1515 1911 Causae
1554 1865 1744 1909 Dilectae
1781 1863 1987 1908 Famulae
2023 1866 2137 1910 Suae

638 1927 809 1972 ›Sororis
843 1928 996 1971 Mariae
1029 1929 1087 1971 ab
1121 1927 1419 1971 incarnatione
1453 1927 1675 1984 protraxit,
1713 1926 1813 1970 licet
1848 1928 1941 1983 Ipsa
1966 1925 2135 1969 duobus

636 1988 797 2032 -abhine
828 1989 1003 2033 saeculis
1037 1989 1206 2032 mortali
1242 1988 1329 2031 vita
1370 1988 1511 2031 [inuicta
1554 1987 1786 2044 pretiosam
1830 1986 1871 2029 in
1906 1996 2136 2043 conspectu

641 2049 819 2092 Domini
854 2058 1036 2093 mortem
1071 2049 1317 2108 oppetierit.
1360 2051 1446 2092 Nec
1489 2047 1706 2090 immerito
1746 2047 1934 2089 Divinae
1975 2046 2135 2089 Provi-

641 2109 812 2154 dentiae
845 2110 1020 2153 consitio
1055 2109 1301 2153 huiusmodi
1336 2109 1495 2152 sactum
1529 2107 1785 2151 adcensetur
1809 2141 1819 2158 ‚
1861 2106 2139 2165 quandoqui-

640 2171 740 2213 dem
776 2171 962 2214 naturaii
995 2170 1198 2227 explicari
1233 2170 1397 2212 ratione
1421 2183 1505 2211 uon
1531 2168 1660 2216 valet,
1686 2166 1906 2225 quomodo
1931 2165 2019 2209 duo
2043 2176 2137 2223 post

641 2231 808 2273 saecula
853 2228 1092 2274 universale
1134 2238 1176 2272 et
1221 2243 1429 2287 perquam
1468 2227 1627 2271 ardeus
1669 2227 1920 2285 praesertim
1957 2228 1999 2270 in
2039 2227 2137 2270 Gai·

643 2291 715 2340 lia,
752 2300 794 2333 et.
828 2291 1024 2333 Amerina
1058 2290 1389 2347 Septentrionali
1424 2287 1652 2331 excitatum
1688 2288 1736 2331 sit
1772 2287 1966 2331 studium
1992 2288 2131 2345 quoad

641 2353 821 2393 Causam
869 2351 1006 2394 dietae
1052 2352 1130 2393 Dei
1183 2350 1388 2393 Famulae
1438 2350 1794 2406 promovendam.
1843 2348 1969 2403 Quod
2013 2363 2138 2405 porro

640 2411 831 2454 studium
867 2412 931 2455 vel
963 2412 1019 2454 ab
1054 2411 1147 2469 ipso
1170 2411 1264 2454 Deo
1290 2411 1521 2469 probatum
1545 2418 1722 2467 apparet
1746 2409 1987 2452 innumeris
2017 2424 2134 2465 pror-

640 2487 714 2515 sus
746 2488 793 2516 ae
824 2472 1046 2530 stupendis
1083 2471 1295 2515 miraculis
1325 2485 1438 2528 quae
1473 2469 1590 2513 tdem
1626 2469 1737 2513 tttius
1761 2469 1926 2513 meritis
1949 2478 1992 2512 et
2014 2469 2140 2512 iuter·

639 2533 830 2576 cessione
866 2533 907 2576 in
942 2533 1277 2591 praesentiarum
1312 2540 1526 2589 operatur.
1547 2531 1652 2574 Hinc
1686 2545 1786 2573 vero
1809 2530 1967 2573 factum
1993 2537 2072 2580 est,
2093 2538 2139 2572 ut

640 2602 684 2637 et
718 2601 864 2637 votum
901 2593 1227 2637 Beatitieationis
1261 2592 1478 2650 praefatae
1509 2592 1668 2636 Sorvae
1701 2591 1780 2634 Dei
1815 2606 1839 2634 a
1876 2590 1991 2634 Sede
2022 2590 2139 2648 Apo-

642 2653 786 2697 stoliea
819 2654 1083 2697 obtinendae
1117 2653 1279 2711 ubique
1302 2653 1492 2696 iocorum
1516 2660 1691 2703 crescat,
1717 2667 1764 2695 ac
1788 2651 1921 2708 magis
1956 2651 2132 2701 ferveat,

641 2723 680 2757 et
716 2715 959 2759 Sanctitatis
993 2716 1092 2758 Eius
1125 2716 1254 2757 Fama
1289 2715 1473 2756 maiores
1508 2713 1549 2755 iu
1583 2713 1674 2756 dies
1696 2713 1810 2756 vires
1832 2711 2041 2769 acquirat,
2075 2727 2139 2754 ra-

639 2775 756 2818 dices
790 2791 919 2833 ageus
962 2790 1196 2833 numquam
1232 2773 1495 2817 evellendas.
1521 2774 1564 2817 Si
1599 2781 1741 2816 autem
1776 2787 1974 2831 quaeras,
1999 2786 2136 2829 quare

643 2835 833 2893 idipsum
871 2838 962 2879 Deo
995 2837 1053 2879 ita
1081 2836 1337 2894 disponent-e
1360 2834 1607 2892 contigerit?
1628 2835 1711 2877 ttae
1745 2834 1787 2877 ni
1823 2833 1945 2876 fatto·-
1970 2832 2134 2891 potissi·

1864 2906 1880 2949 t
