2640 3584
406 309 656 354 evertcrint.
695 312 822 366 Quod
859 311 1036 370 quidem
1074 312 1114 355 in
1151 328 1276 356 eausa
1312 311 1390 356 fuit
1424 328 1499 356 cur
1532 311 1679 370 populi
1718 312 1848 358 iidem
1887 317 1928 361 in

411 373 644 415 maximam
680 380 910 427 egestatem
948 371 1201 416 devenerint
1233 372 1385 416 saltem
1421 374 1560 418 donec
1594 372 1727 417 altera
1760 376 1929 418 eonsti-

412 440 503 476 tuta
538 430 661 475 luerit
700 431 953 477 dominatio.

529 493 572 534 (i.
611 492 696 537 Sed
732 501 904 549 oggeret
942 493 1117 536 fortasse
1151 492 1269 537 Fidei
1318 493 1488 536 Vindex
1535 494 1924 549 praeclarissimus‘,

402 560 445 596 et
477 552 588 596 dicet
622 568 695 596 eur
728 555 879 596 saltem
917 562 1005 611 post
1043 552 1175 610 elapsi
1209 553 1367 598 saeculi
1395 553 1673 597 medietatem
1699 557 1834 600 Causa
1860 556 1928 601 di-

402 621 494 657 ctae
527 614 685 656 Sei-vae
723 613 800 656 noi
834 613 1000 659 Sororis
1035 614 1190 657 Mariae
1224 614 1281 658 ab
1316 613 1612 658 incarnatione
1659 631 1742 659 non
1800 616 1925 662 fuerit

405 673 663 717 introducta.
698 674 748 717 Et
781 689 860 729 ego
895 690 1099 732 reponam
1137 674 1285 718 iisdem
1324 684 1367 718 ut
1405 673 1643 733 plurimum
1678 675 1732 718 de
1768 678 1919 726 causis.

402 735 502 793 quia
540 733 741 778 videlicet
776 734 1187 779 communicationes
1222 735 1465 779 American!
1493 734 1603 778 iuter
1637 745 1675 777 et
1710 737 1923 795 ihu-opum

404 793 597 838 noudum
633 803 756 838 erant
793 796 1000 839 faciliores
1040 795 1234 839 redditae
1257 829 1266 847 ,
1303 795 1422 855 quod
1472 796 1651 854 ‹piidcm
1710 799 1922 854 praesenti

402 856 571 899 saeculo
606 855 763 900 iactum
799 865 877 903 est.
918 866 1138 915 praeterea
1173 858 1272 915 quia
1307 857 1340 900 si
1379 865 1480 900 tuine
1535 859 1739 913 temporis
1789 858 1925 903 Caua-

402 915 545 959 densis
581 916 698 974 regio
733 916 906 975 aliquali
943 917 1024 961 frui
1061 933 1163 975 pace
1198 917 1429 961 videbatur
1452 925 1493 960 at
1519 932 1602 959 non
1630 916 1732 960 item
1758 918 1922 977 reliqua

407 976 495 1018 loca
522 978 774 1035 praesertim
793 992 895 1020 vero
921 979 1131 1036 Europae,
1159 995 1206 1022 ac
1231 977 1500 1036 potissimum
1529 976 1695 1021 Galliae
1740 994 1922 1037 reguum

401 1036 516 1094 ‹piod
555 1037 691 1081 multo
725 1046 824 1080 mite
858 1037 1014 1081 saeculi
1048 1038 1182 1096 elapsi
1219 1038 1378 1087 linem,
1418 1046 1456 1081 ct
1492 1037 1619 1094 louge
1665 1047 1755 1095 post
1803 1054 1925 1096 prae-

401 1097 532 1140 sentis
566 1097 791 1141 exordium
826 1098 1026 1141 civilibus
1068 1097 1291 1142 discordiis
1339 1097 1649 1148 dilaceratum,
1687 1106 1817 1156 atque
1869 1100 1927 1143 in·-

402 1173 531 1215 super
564 1159 753 1201 externis
790 1159 829 1201 in
866 1158 990 1202 bellis
1023 1159 1159 1203 enixis
1194 1159 1357 1203 viribus
1389 1158 1627 1201 distentum
1653 1160 1815 1202 cum-tis
1840 1159 1927 1203 l‘ere

402 1218 553 1262 mundi
591 1220 725 1276 plagis
758 1219 1050 1271 calamitates,
1088 1219 1390 1266 desolationes,
1431 1218 1542 1261 mala
1577 1234 1777 1277 quaeque
1811 1219 1925 1263 intu-

405 1278 498 1321 lisse
532 1295 582 1321 ex
618 1279 791 1323 liistoria
825 1280 998 1329 seimus,
1038 1288 1080 1323 et
1112 1280 1417 1324 lamentamur.
1455 1280 1542 1322 lam
1580 1294 1711 1329 vero,
1750 1279 1813 1323 li3s
1849 1296 1925 1338 po-

400 1339 493 1382 sitis
526 1356 637 1398 ‹fluae
672 1340 713 1383 in
749 1340 930 1384 dubium
969 1341 1109 1384 vocari
1144 1357 1167 1384 a
1202 1340 1377 1384 cordato
1404 1340 1494 1383 viro
1521 1356 1603 1383 uon
1632 1341 1792 1392 valent,
1820 1357 1926 1393 uua-

403 1414 501 1443 nam
539 1400 701 1443 ratione
735 1400 1082 1445 sanctimoniales
1115 1402 1432 1457 Quebeceuses,
1462 1400 1659 1459 Episcopi
1694 1401 1924 1444 Canauen-

403 1476 501 1510 ses,
537 1469 574 1504 et
613 1461 761 1519 populi
796 1460 990 1506 eiusdem
1048 1462 1233 1520 regionis
1281 1460 1544 1505 desiderium
1588 1477 1740 1513 suum,
1779 1471 1820 1506 et
1859 1478 1928 1503 vo-

403 1530 493 1564 tum
529 1522 814 1579 promovendi
850 1522 1220 1567 lleatilieationem
1255 1525 1413 1569 Servae
1448 1522 1528 1565 Dei
1563 1522 1732 1565 Soron-is
1767 1522 1924 1566 Mariae

400 1581 459 1624 ab
493 1582 789 1626 incarnatione
823 1583 1063 1627 executioni
1099 1584 1322 1634 mandare,
1364 1583 1596 1642 praecipue
1635 1582 1668 1624 si
1708 1583 1927 1641 paulisper

400 1643 650 1686 attendatur
683 1643 739 1687 ad
784 1644 1045 1703 completam
1081 1644 1257 1703 potioris
1297 1639 1408 1688 Cleri
1449 1642 1760 1701 dispersionem
1810 1657 1924 1702 quae

399 1702 661 1760 gravissimis
686 1704 765 1747 illis
790 1704 830 1747 in
865 1704 1077 1748 adium-tis
1113 1704 1274 1748 nedum
1302 1704 1342 1747 in
1367 1703 1522 1755 Gallia,
1549 1703 1625 1747 sed
1650 1712 1690 1746 et
1714 1703 1756 1746 in
1781 1703 1922 1754 ltalia,

399 1778 505 1821 prae
538 1765 718 1808 caeteris
755 1780 772 1807 ι
811 1780 857 1808 so
892 1767 1055 1809 Romae
1090 1765 1195 1808 i'acta
1230 1774 1292 1809 est
1328 1765 1370 1808 in
1402 1780 1488 1823 qua
1513 1764 1579 1808 vel
1604 1765 1698 1822 lpse
1720 1764 1924 1808 Summus

400 1824 596 1867 Pontifex
630 1824 731 1868 Pius
764 1828 916 1870 Sextus
950 1843 973 1870 a
1007 1826 1182 1884 paciliea
1214 1842 1289 1870 sua
1323 1826 1434 1869 Sede
1471 1825 1703 1884 impiorum
1738 1824 1926 1868 consiliis

398 1892 438 1928 et
475 1885 605 1927 arinis
639 1885 849 1930 violenter
882 1888 1134 1931 exturbatus
1186 1887 1225 1929 in
1275 1886 1511 1931 durissimo
1555 1885 1688 1929 exilio
1738 1893 1924 1929 mortem

399 1945 599 2003 oppetiit,
637 1954 767 2005 atque
801 1948 975 2006 insuper
1010 1947 1287 1992 immediatus
1323 1947 1422 1991 Eius
1455 1948 1684 1991 Successor
1716 1946 1816 1989 Pius
1850 1948 1926 1989 Se-

400 2006 559 2063 ptimus
596 2007 633 2049 vi
668 2022 843 2067 quoque
877 2026 899 2052 a
934 2025 1008 2052 sua
1044 2010 1159 2053 Urbe
1192 2009 1431 2058 abductus,
1470 2015 1512 2050 et
1544 2009 1759 2052 Savonam
1794 2007 1923 2050 sacri-

402 2068 495 2124 lege
530 2076 771 2125 asportatus
804 2069 861 2111 ibi
899 2085 978 2127 per
1010 2069 1359 2128 (piniqueunium
1393 2068 1511 2127 quasi
1548 2068 1588 2112 in
1624 2075 1740 2111 arcta
1781 2076 1922 2112 eusto-

402 2126 474 2170 dia
508 2126 586 2171 suit
619 2127 825 2173 detentus
856 2154 884 2161 -
917 2131 1019 2173 llaec
1055 2147 1182 2189 porro
1200 2130 1345 2174 onmia
1380 2129 1412 2173 si
1448 2138 1610 2174 attente
1645 2129 1919 2186 praestantis-

398 2188 530 2231 simus
566 2189 906 2233 Animadversor
929 2191 1204 2250 perpendere
1237 2207 1321 2234 non
1347 2191 1571 2240 detrectet,
1598 2189 1826 2234 concludat
1856 2204 1926 2231 ne-

398 2263 513 2292 cesse
548 2259 636 2299 est,
676 2266 755 2293 nee
788 2251 888 2295 dolo
924 2252 1062 2303 mato,
1101 2267 1178 2296 nee
1209 2251 1414 2310 culpabili
1458 2250 1717 2309 negligentia
1763 2250 1925 2307 primos

398 2309 651 2353 auctoritate
684 2312 917 2355 Ordinaria
952 2315 1179 2358 Processus
1213 2313 1341 2356 fuisse
1375 2312 1540 2355 tamdiu
1578 2312 1748 2361 dilatos,
1786 2310 1925 2353 donec

400 2378 526 2413 testes
559 2371 614 2413 de
649 2372 741 2415 visu
778 2373 881 2416 nulli
916 2382 1203 2432 superessent.

523 2433 565 2475 7.
606 2433 729 2476 llisce
763 2442 908 2478 autem
942 2451 1056 2493 (μιιιο
1090 2437 1190 2478 satis
1222 2450 1471 2493 superque,
1512 2449 1609 2476 ineo
1644 2432 1821 2490 (piidem
1858 2431 1924 2474 iu-

398 2491 528 2543 dicio,
550 2508 642 2536 esse
668 2504 839 2551 possent
872 2495 926 2538 ad
959 2495 1278 2539 excludendum
1317 2502 1645 2552 praesumptum
1681 2493 1735 2536 ab
1755 2493 1923 2535 Adver-

399 2552 511 2594 sario
545 2554 718 2611 egregio
752 2555 903 2599 dolum
937 2558 1098 2600 malum
1127 2591 1137 2608 ‚
1183 2556 1248 2599 vel
1296 2555 1558 2613 culpabilem
1613 2554 1923 2610 negligentiam

398 2613 479 2656 alia
513 2629 685 2673 quoque
719 2615 822 2660 addi
860 2626 1047 2675 possent,
1083 2626 1126 2661 et
1159 2633 1208 2661 ea
1243 2616 1423 2660 minime
1455 2614 1718 2675 spernenda.

521 2677 564 2718 8.
605 2677 652 2718 Et
686 2678 828 2734 primo
863 2679 1040 2737 quidem
1073 2680 1206 2722 Fama
1239 2677 1484 2723 Sanctitatis
1510 2711 1519 2728 ‚
1557 2685 1599 2720 et
1649 2691 1698 2719 ea
1748 2675 1924 2732 insuper

399 2734 670 2788 universalis,
701 2748 742 2782 et
783 2738 907 2783 firma
944 2740 1010 2783 vel
1044 2741 1099 2784 ab
1133 2755 1238 2783 aevo
1269 2755 1357 2798 quo
1389 2741 1521 2783 Serva
1557 2737 1633 2780 Dei
1671 2736 1800 2779 vitam
1840 2745 1924 2778 tra-

397 2796 581 2841 ducebat
616 2798 656 2840 in
683 2800 822 2850 terris,
849 2817 895 2844 ae
931 2800 1162 2859 praecipue
1196 2809 1391 2860 tempore
1427 2798 1601 2858 pretiosi
1629 2797 1738 2840 illius
1760 2797 1919 2840 obitus.

397 2857 466 2901 Sic
498 2860 636 2903 Testis
671 2862 724 2904 ΙΙΙ
760 2862 862 2907 baec
896 2863 949 2907 ad
987 2878 1077 2905 rem
1121 2862 1297 2921 deponit
1350 2861 1529 2919 loquens
1560 2858 1617 2903 de
1652 2859 1781 2901 Fama
1815 2860 1924 2903 San-
