2680 3600
472 1309 574 1352 402.

473 2464 573 2507 403.

2031 267 2091 310 55

590 341 805 385 sitionem.
850 363 864 379 «
896 341 946 384 Mi
973 350 1147 385 trovava
1183 357 1238 384 un
1274 357 1381 399 poco
1414 342 1635 385 soiievata.
1662 341 1796 385 -Etta
1831 340 1928 384 dice
1950 367 1978 375 -
2000 355 2092 384 me-

597 423 613 440 »
641 402 786 447 diantc
812 402 850 445 ia
874 404 1002 447 Santa
1025 402 1312 445 Comunione.
1352 404 1475 461 Dopo
1509 402 1553 446 di
1588 417 1729 446 essere
1762 409 1869 445 stata
1898 416 1975 458 per
1999 400 2090 444 iun-

597 483 612 499 »
642 480 694 521 go
712 463 854 521 spazio
888 462 931 506 di
958 471 1104 520 tempo
1129 462 1171 504 in
1206 477 1288 506 una
1311 463 1473 521 grande
1509 463 1668 507 unione
1702 462 1764 506 coi
1799 476 1917 506 sacro
1940 461 2089 506 Verbo

597 543 612 561 ι
642 524 881 574 incarnato,
909 524 948 566 io
982 523 1041 565 mi
1076 523 1294 566 rimaneva
1319 523 1431 566 neila
1465 524 1626 568 visione
1646 558 1655 575 ,
1695 538 1718 567 e
1742 523 1809 567 ne!
1834 522 2089 581 godimento

596 604 613 622 n
642 584 755 628 della
791 583 997 633 Divinita,
1035 598 1058 625 e
1092 583 1135 626 di
1175 591 1281 625 tutta
1316 583 1356 626 la
1388 584 1572 635 Trinita,
1610 584 1739 644 quale
1776 585 1814 627 io
1848 598 2087 627 conosceva

595 665 611 683 »
639 660 780 689 essere
828 644 868 687 in
907 652 1059 701 questo
1109 644 1402 703 Sacramento.
1455 646 1521 688 Oh
1556 652 1718 704 quanto
1761 643 1916 703 grandi
1950 642 2089 687 verita

601 725 617 743 ι)
645 705 761 764 quivi
787 705 819 747 si
845 719 1099 748 conoscmm.
1116 705 1148 747 E
1171 712 1321 761 questo
1342 705 1560 748 un’abisso
1593 705 1670 747 che
1695 720 1780 747 non
1802 706 1856 748 ha
1882 720 1936 748 ne
1960 703 2090 747 fondo

598 786 614 803 »³
645 782 696 809 ne
730 765 839 808 riva.
878 766 968 807 Non
1005 764 1035 806 si
1073 765 1285 822 potrebbe
1320 765 1555 822 esprimerc
1579 765 1642 808 cio
1665 765 1744 807 che
1777 766 1859 807 Dio
1892 765 2088 822 discopre

596 845 611 862 ι
641 825 857 869 ail'anima
892 825 976 868 mia
997 859 1006 874 ‚
1043 825 1220 882 quamio
1254 842 1276 868 a
1311 825 1365 868 lei
1401 825 1435 868 si
1469 826 1583 868 dona
1618 824 1659 867 in
1706 833 1855 883 questo
1889 826 2090 869 ammira-

597 906 611 922 »
643 886 727 928 hile
761 887 1070 930 Sacramento:
1108 886 1145 928 ia
1177 886 1364 929 Eternita
1387 886 1427 929 lo
1452 886 1541 929 fara
1576 884 1751 928 vedere.
1785 885 1874 929 Ena
1897 885 2090 928 avrebbe

596 965 612 983 »
642 946 786 990 voluto
824 945 1175 989 continuameme¹
1213 946 1521 998 comunicarsi;
1555 963 1578 990 e
1610 945 1965 1004 sperimentavasi
2002 944 2092 989 dai-

597 1026 611 1043 »
643 1007 679 1049 ia
714 1005 951 1049 mcdesima
989 1022 1043 1049 un
1079 1007 1468 1065 raddoppiamento
1503 1007 1711 1050 d'unione
1743 1007 1820 1050 che
1855 1006 1988 1050 taiora
2012 1006 2092 1050 du-

597 1087 611 1103 »
645 1081 742 1109 rava
779 1082 856 1125 per
891 1068 930 1110 to
977 1068 1121 1126 spazio
1157 1068 1200 1111 di
1236 1068 1342 1110 oltre
1377 1085 1399 1111 a
1432 1069 1587 1127 cinque
1619 1085 1643 1110 0
1678 1067 1738 1110 sei
1788 1082 1863 1110 ore
1898 1066 2010 1124 dopo
2045 1066 2089 1109 di

594 1146 611 1165 ι
640 1128 785 1170 essersi
821 1128 1087 1172 comunicata
1109 1162 1119 1181 ,
1160 1128 1382 1185 maigrado
1415 1129 1440 1171 Ι’
1458 1129 1618 1173 andare
1639 1162 1649 1179 ,
1675 1143 1699 1171 e
1735 1128 1761 1171 il
1785 1128 1996 1171 ritornare
2020 1127 2090 1172 nel

595 1208 611 1225 n
640 1188 832 1246 disbrigo
850 1189 965 1246 degli
991 1188 1112 1232 assari
1134 1189 1209 1247 piu
1242 1189 1444 1232 scabrosi.
1484 1190 1512 1232 ΙΙ
1548 1206 1625 1233 suo
1649 1204 1778 1232 cuore
1801 1205 1875 1231 cra
1909 1189 2091 1231 siccome

597 1268 613 1285 »
643 1265 725 1292 una
761 1248 931 1292 fornace
966 1249 1192 1294 ardente.»

610 1311 670 1352 Ex
703 1325 788 1368 quo
825 1309 1109 1353 intensissimo
1128 1311 1373 1355 devotionis
1406 1326 1531 1354 sensu
1557 1320 1596 1354 et
1622 1309 1778 1354 affectu
1812 1310 1975 1352 Sei-vae
2003 1309 2090 1351 Dei

593 1385 692 1426 erga
740 1369 1059 1414 divinissimum
1107 1372 1398 1415 Eucharistiae
1431 1372 1757 1416 Sacramentum
1791 1385 1871 1414 nec
1920 1385 2002 1412 non
2038 1384 2091 1412 ex

590 1430 834 1488 frequenti,
873 1445 920 1473 ac
953 1446 1081 1488 supra
1117 1432 1294 1475 modum
1330 1432 1525 1475 fervente
1569 1431 1770 1476 Eiusdem
1806 1430 2056 1489 sumptione
2079 1464 2088 1481 ,

591 1492 821 1549 plusquam
855 1490 1034 1534 evidens
1083 1501 1126 1535 et
1161 1492 1442 1535 ineluctabile
1475 1493 1643 1551 exurgit
1693 1499 1998 1551 argumentum
2033 1490 2091 1534 ad

589 1551 804 1595 heroicam
830 1551 947 1594 lilius
970 1552 1221 1595 charitatem
1245 1552 1550 1596 evincendam.
1571 1555 1625 1596 Ut
1641 1553 1721 1596 hoc
1745 1560 1953 1610 appareat
1976 1551 2093 1595 haud

589 1612 789 1670 improbo
824 1628 930 1670 opus
954 1621 1017 1656 est
1053 1613 1203 1656 labore
1226 1614 1585 1673 quandoquidem
1619 1611 1910 1657 Eucharistiae
1943 1612 2090 1656 Sacra-

591 1681 786 1717 mentum
823 1681 914 1716 tum
946 1673 1084 1725 Fidei,
1123 1682 1215 1717 tum
1249 1674 1422 1718 Amoris
1455 1682 1613 1719 tessera
1647 1673 1797 1718 haberi
1831 1672 1965 1717 debet
1991 1672 2095 1731 quia

588 1733 780 1793 quisquis
815 1733 921 1777 iliud
945 1734 1181 1778 manducat
1204 1734 1246 1777 in
1270 1735 1438 1779 Christo
1473 1736 1667 1795 profecto
1701 1742 1864 1785 manet,
1901 1741 1943 1776 et
1972 1733 2096 1777 Chri-

591 1805 678 1839 stus
711 1794 897 1838 vicissim
931 1796 1014 1839 erit
1063 1795 1105 1838 in
1141 1812 1192 1839 eo
1225 1796 1600 1855 quemadmodum
1634 1804 1800 1840 constat
1849 1809 1904 1838 ex
1940 1793 2096 1838 Christi

590 1856 724 1914 Ipsius
758 1856 979 1914 promissis
1013 1857 1071 1900 ita
1096 1856 1211 1915 apud
1235 1858 1438 1903 loannem
1471 1875 1568 1917 cap.
1595 1859 1639 1901 6.
1666 1872 1709 1900 v.
1737 1858 1794 1900 57
1832 1855 2048 1914 loquentis
2066 1882 2094 1891 -

590 1917 674 1973 Qui
700 1916 935 1961 manducat
971 1933 1113 1961 meam
1138 1933 1328 1969 carnem,
1367 1928 1409 1963 et
1441 1920 1555 1963 bibit
1590 1932 1737 1962 meum
1771 1916 2026 1975 sanguinem
2052 1917 2095 1960 in

591 1994 661 2021 mc
696 1986 858 2029 manet,
896 1987 938 2022 et
973 1995 1052 2037 ego
1087 1979 1128 2022 in
1164 1981 1402 2024 eo-Undc
1449 1982 1611 2024 Doctor
1644 1978 1879 2038 Angeiicus
1913 1977 2095 2036 loquens

590 2039 646 2082 dc
680 2037 896 2098 frequenti
920 2039 1045 2083 huius
1069 2041 1332 2085 Sacramenti
1357 2041 1604 2085 samntione
1638 2043 1765 2084 Parte
1787 2040 1814 2082 3
1839 2045 2004 2096 quaest.
2034 2040 2094 2082 75

593 2108 675 2143 art.
713 2100 730 2142 ‘1
776 2100 815 2143 in
840 2116 958 2157 corp.
995 2099 1209 2143 affirmare
1243 2116 1326 2144 non
1362 2102 1534 2145 dubitat
1567 2102 1682 2161 quod
1707 2099 1965 2145 -Maximae
1987 2100 2097 2143 Cha-

594 2160 731 2204 ritatis
762 2161 817 2204 sit
848 2162 1034 2219 signum.
1059 2186 1088 2193 -
1110 2161 1218 2204 Hinc
1255 2163 1386 2206 etiam
1421 2163 1494 2221 qui
1531 2164 1586 2207 de
1630 2162 1761 2205 rebus
1797 2159 2097 2218 spiritualibus

590 2236 836 2266 sermonem
870 2222 1117 2265 habuerunt
1151 2237 1325 2280 semper
1359 2223 1402 2266 in
1441 2224 1519 2266 hoc
1564 2222 1838 2266 concorditer
1886 2235 2097 2265 convene-

592 2290 693 2324 runt
725 2282 843 2340 quod
877 2299 929 2325 ex
964 2283 1177 2340 frequenti
1213 2291 1254 2325 et
1301 2283 1460 2326 devoto
1496 2300 1637 2327 sacrae
1687 2281 1977 2326 Eucharistiae
2019 2297 2096 2326 usu

593 2343 812 2386 maximae
846 2342 1073 2386 Chai-itatis
1104 2351 1146 2385 et
1182 2344 1428 2387 Sanctitatis
1470 2344 1637 2388 desumi
1675 2351 1977 2402 argumentum
2012 2358 2100 2387 me-

594 2402 675 2445 rito
709 2403 857 2461 possit.

611 2464 697 2508 Sed
730 2473 772 2507 et
805 2464 861 2508 ad
895 2465 977 2509 aha
1009 2480 1184 2524 quoque
1217 2466 1519 2510 Sanctissimae
1543 2465 1777 2524 Religionis
1801 2472 1973 2509 nostrae
2002 2479 2098 2523 my-

596 2525 723 2568 steria
756 2541 849 2569 sese
883 2526 1078 2569 extendit
1113 2525 1354 2570 devotionis
1377 2527 1553 2571 affectus
1575 2529 1736 2573 Servae
1758 2527 1839 2570 Dei
1864 2527 2096 2584 praecipue

599 2602 701 2629 vero
735 2586 789 2630 ad
813 2587 899 2630 duo
923 2587 993 2631 itta
1027 2603 1138 2645 quae
1171 2603 1243 2631 cor
1275 2588 1412 2632 maius
1435 2590 1640 2641 excitant,
1668 2597 1709 2632 et.
1732 2596 2005 2632 comm-:went
2035 2586 2099 2630 vi-

599 2647 753 2691 delicet
786 2648 1126 2691 incarnationem
1160 2650 1308 2701 Verbi,
1347 2650 1534 2710 Eiusque
1569 2649 1906 2695 sacratissimam
1939 2648 2102 2691 Passio-

598 2722 713 2760 nem,
750 2724 804 2752 ex
837 2725 922 2768 quo
957 2709 1117 2754 factum
1149 2717 1212 2752 est
1246 2719 1292 2754 ut
1326 2712 1443 2755 Deus
1467 2712 1508 2754 in
1536 2710 1777 2770 praemium
1802 2709 1911 2753 tanti
1935 2709 2094 2753 amoris

597 2771 757 2815 Servae
774 2771 887 2815 Suae
912 2770 1130 2814 mirabilia
1155 2771 1300 2830 quoad
1320 2773 1377 2815 Ea
1401 2772 1664 2830 patefecerit..
1681 2771 1818 2816 Testis
1839 2771 1883 2814 X
1907 2771 2097 2830 (Summ.

599 2846 719 2874 num.
757 2832 816 2874 tx
850 2847 948 2892 pag.
985 2834 1063 2876 87.
1099 2833 1199 2892 88.)
1234 2853 1249 2870 «ι
1289 2834 1336 2876 ln
1372 2833 1639 2892 ricompensa
1674 2832 1786 2877 delia
1830 2847 1907 2876 sua
1940 2831 2100 2876 sedena

604 2913 618 2930 ι
650 2893 802 2936 Nostro
836 2893 1015 2952 Signore
1048 2893 1350 2938 immedesimo
1386 2894 1412 2937 it
1448 2895 1623 2954 proprio
1657 2909 1786 2939 cuore
1820 2894 1892 2938 nel
1927 2909 2018 2944 suo,
2057 2892 2103 2936 di
