2632 3568
2004 293 2061 338 57

534 400 550 419 2
578 379 720 438 questi
758 379 1019 440 particoiari.
1062 377 1215 436 perche
1251 384 1372 419 trovo
1407 375 1716 419 straminum-io
1750 375 1829 420 che
1862 375 1900 421 la
1930 377 2063 423 Fama

532 461 548 480 ι
579 440 693 484 detto
728 440 842 484 vii-tii
878 439 1066 488 eroiciie,
1105 454 1128 481 e
1160 437 1273 482 delia
1297 435 1461 480 Santitii
1485 435 1599 479 detta
1623 445 1764 480 nostra
1797 438 2064 484 Venerabile

534 522 550 540 ι
579 501 724 545 Madre
761 501 819 544 sia
855 500 1006 559 giunta
1041 499 1126 543 cosi
1161 498 1311 542 intiera
1346 497 1439 540 sino
1473 497 1512 539 ai
1548 496 1679 539 nostri
1698 497 1839 555 giorni
1865 506 1928 543 tra
1955 500 2062 543 tanti

534 582 550 601 ι
580 561 773 612 ostacoii,
811 577 834 605 e
869 577 948 605 con
974 568 1090 604 tante
1116 559 1251 618 poche
1275 559 1446 605 risorsc‚
1475 566 1779 601 umanamente
1803 558 2057 616 pariundo.»

530 623 625 666 Post
696 637 777 665 nac
811 621 979 680 prolixa
1014 620 1130 669 satis,
1168 619 1242 663 sed
1279 634 1389 677 quae
1427 626 1568 661 tamon
1605 617 1801 675 apprime
1822 619 2064 666 inserviunt

529 682 586 727 ad
620 683 655 727 A
694 682 931 726 versarium
980 690 1175 724 nostrum
1225 679 1342 722 omni
1392 678 1476 721 sub
1525 688 1720 736 respectu
1771 678 2062 727 vesenondum

562 759 730 802 uaeque
767 742 925 787 idcirco
961 759 1043 785 non
1079 741 1155 785 abs
1191 756 1237 784 rc
1272 755 1361 784 esse
1396 739 1498 783 duxi
1535 754 1612 797 per
1646 747 1866 783 extensum
1904 742 1945 785 in
1974 759 2065 787 me-

528 760 653 849 iiiam
690 803 949 863 producere,
988 811 1097 861 post,
1137 802 1314 860 inquam
1353 800 1566 859 proiixain
1603 799 1866 852 huiusmodi,
1897 811 1935 846 et
1962 820 2062 847 eon-

531 864 778 908 ciudentem
816 863 1125 913 narrationem,
1164 863 1253 921 ipsa
1289 861 1407 905 testis
1441 877 1489 904 ra
1515 861 1679 920 profert
1702 876 1812 919 quae
1838 861 1952 906 idem
1980 864 2065 909 Ad-

534 926 750 969 versarius
784 925 1035 977 obiiciebat‚
1075 939 1250 982 nempe:
1283 943 1298 961 ι
1329 924 1394 966 Da
1430 921 1546 965 venti
1582 920 1681 965 anni
1705 922 1728 964 e
1751 930 1863 966 stato
1889 925 2064 982 pubbti-

536 1005 552 1025 ι
583 994 676 1029 cato
716 992 835 1029 tanto
870 985 940 1029 nei
972 984 1143 1030 Canada
1177 985 1255 1028 che
1291 984 1332 1026 in
1355 982 1555 1032 Francia,
1583 981 1634 1026 ed
1661 982 1842 1033 uin-ove,
1874 1001 1929 1028 un
1956 1003 2063 1043 gran

539 1068 554 1085 »
585 1061 764 1089 numero
798 1045 841 1089 di
879 1061 1009 1103 opere
1042 1045 1125 1088 aiio
1159 1060 1289 1103 scopo
1322 1043 1364 1087 di
1401 1043 1628 1086 ravvivare
1672 1043 1709 1085 ie
1753 1044 1919 1089 antiche
1966 1063 2066 1092 me-

542 1128 558 1146 »
591 1107 744 1150 morie.
774 1126 789 1144 ιο

657 1169 734 1211 87.
772 1166 894 1209 Hisce
938 1166 1084 1225 positis
1125 1182 1237 1225 quae
1287 1165 1386 1209 satis
1431 1179 1646 1224 superque
1686 1164 2067 1218 Aniinadvcrsoris

530 1227 887 1285 praestantissimi
925 1226 1220 1271 difficultatem
1255 1226 1399 1285 quoad
1435 1225 1646 1282 originem
1680 1234 1721 1268 et
1755 1226 2058 1283 probationem

532 1290 691 1332 Famae
728 1287 922 1331 funditus
955 1295 1154 1331 evertunt
1189 1303 1358 1346 possem
1397 1286 1545 1345 utique
1578 1301 1649 1330 me
1681 1287 1897 1332 abstinero
1931 1308 1953 1335 a
1999 1311 2066 1339 re.

533 1348 732 1393 seilendis
769 1348 817 1392 iis
840 1364 953 1407 (quiue
978 1349 1019 1392 in
1046 1365 1145 1392 mox
1169 1356 1377 1408 sequente
1403 1347 1675 1407 paragrapho
1698 1348 2065 1400 decimosecundo

533 1410 734 1467 opponit,
775 1410 815 1452 in
851 1425 903 1452 eo
938 1409 1151 1468 siquidem
1185 1409 1348 1459 asserit,
1385 1410 1476 1453 duo
1501 1423 1593 1451 esse
1616 1408 1767 1451 sedulo
1794 1415 2066 1468 perpenden-

536 1470 610 1520 da,
649 1470 790 1528 primo
824 1469 998 1521 scilicet,
1039 1485 1143 1513 num
1181 1470 1290 1514 adeo
1324 1469 1535 1513 historicis
1569 1469 1623 1512 sit
1658 1468 1946 1517 deserendum
1971 1511 1980 1528 ‚
2022 1487 2068 1522 ut

535 1546 687 1574 eorum
726 1538 891 1575 tantum
927 1531 1102 1583 iudicio,
1140 1531 1337 1590 quaestio
1371 1530 1426 1574 de
1460 1532 1590 1574 Fama
1633 1530 1880 1577 Sanctitatis
1917 1535 2067 1582 dirimi

540 1591 704 1641 valeam
746 1607 849 1634 num
887 1592 928 1634 in
962 1607 1078 1643 casu,
1117 1601 1158 1635 et
1191 1591 1245 1635 ad
1281 1591 1480 1635 effectum
1513 1590 1568 1633 de
1603 1606 1689 1648 quo
1723 1592 1865 1649 agitur
1887 1597 2068 1642 sufficiat

531 1652 663 1695 oraiis
698 1652 874 1697 traditio
910 1660 993 1695 tota
1027 1660 1190 1710 quanta
1223 1660 1287 1695 est
1324 1652 1364 1694 in
1410 1650 1609 1707 generica
1644 1651 1714 1694 vix
1748 1653 1893 1712 aliqua
1943 1673 2067 1702 eom...

537 1712 815 1757 mend-atione
849 1712 1095 1756 Sanctitatis
1127 1711 1528 1755 consistens.Priori
1564 1727 1692 1769 porro
1726 1716 1970 1771 quaestioni
2012 1720 2068 1764 ita

535 1773 625 1832 ipse
658 1773 900 1817 satisfacere
935 1774 1084 1816 nititur
1117 1773 1302 1817 adducta
1347 1772 1573 1816 Benedicti
1624 1774 1723 1816 xlv
1776 1780 2063 1831 auctoritate,

537 1841 669 1891 atque
704 1835 762 1878 ita
796 1834 981 1877 disserit.
1020 1834 1213 1877 Priorem
1252 1849 1380 1892 porro
1413 1833 1710 1892 quaestionem
1746 1836 1803 1878 ita
1827 1839 2064 1896 sapienter,

538 1910 615 1952 pro
649 1910 788 1941 more.
826 1894 979 1938 deiinit
1013 1910 1144 1951 saepe
1178 1903 1446 1938 memoratus
1481 1894 1695 1938 Pontifex:
1735 1916 1749 1933 u
1781 1897 1889 1941 Cum
1926 1901 2070 1946 foi-ma

534 1956 863 1999 Commissionis
912 1956 1127 2014 generalis
1173 1956 1286 2014 typis
1337 1955 1541 2013 impressa
1595 1955 1635 1997 in
1688 1957 1881 2001 Decretis
1922 1963 2069 2006 Urba—

533 2016 576 2059 ni
612 2016 723 2068 Vm,
763 2016 902 2060 solum
939 2017 1141 2076 loquatur
1172 2016 1230 2060 de
1263 2017 1461 2059 examine
1497 2016 1749 2060 testium....
1786 2021 1982 2078 sequitu.-
2016 2039 2069 2067 ex

533 2076 612 2120 hoc
650 2077 769 2136 quod
814 2077 1082 2121 historici....
1137 2093 1222 2121 non
1269 2085 1471 2134 poterunt
1520 2077 1781 2121 constituere
1834 2084 2069 2138 perfectam

535 2137 625 2181 sive
659 2137 948 2196 adaequatam
984 2138 1304 2196 probationem,
1341 2138 1417 2181 sed
1452 2148 1579 2181 erunt
1603 2146 1772 2182 tantuin
1800 2157 1906 2198 pura
1930 2145 2071 2189 admi-

534 2197 679 2241 nicula
716 2198 824 2256 (loe.
862 2199 935 2242 cit.
971 2214 1010 2243 e.
1048 2199 1105 2241 40
1139 2215 1181 2242 n.
1221 2199 1285 2258 4).
1322 2198 1480 2254 Quoad
1515 2199 1691 2242 alteram
1732 2205 2034 2259 quaestionem
2057 2241 2067 2258 ‚

535 2273 633 2302 cum
668 2261 799 2302 Fama
834 2259 1079 2304 Sanctitatis
1114 2259 1219 2304 nihii
1255 2259 1373 2303 aliud
1407 2259 1459 2302 sit
1503 2275 1636 2318 quam
1686 2263 1949 2309 existimatio
1994 2284 2069 2311 seu

536 2320 778 2364 communis
813 2320 962 2378 opinio
995 2321 1052 2364 de
1085 2320 1320 2364 virtutibus
1354 2335 1433 2378 per
1465 2322 1735 2365 continuatos
1778 2333 1898 2369 aetus
1944 2342 2070 2371 exer-

537 2380 630 2424 citis
651 2396 778 2438 supra
802 2396 1079 2425 communem
1105 2382 1313 2441 operandi
1339 2380 1516 2424 modum
1544 2381 1673 2440 (ibid.
1700 2398 1796 2441 cap.
1826 2387 1900 2430 37.
1929 2403 1972 2431 n.
2002 2389 2067 2448 7).

538 2440 647 2485 Hinc
680 2443 812 2486 Fama
845 2442 1090 2487 sanctitatis
1124 2443 1205 2486 erit
1238 2459 1262 2487 a
1298 2443 1477 2486 testibus
1508 2443 1624 2486 bene
1660 2445 1861 2501 probata,
1888 2448 1923 2491 si
1961 2450 2072 2493 alter

540 2517 592 2545 ex
626 2502 687 2546 eis
721 2503 914 2561 deponat
946 2519 990 2547 se
1025 2504 1068 2547 in
1103 2512 1223 2547 certo
1261 2504 1351 2548 ioco
1385 2503 1608 2547 audivisse
1644 2506 1855 2564 populum
1891 2509 2074 2567 loquen—

540 2572 624 2606 tem
662 2579 732 2607 ex.
769 2580 833 2623 gr.
872 2564 927 2608 de
959 2564 1079 2608 Fidei
1112 2565 1291 2616 virtute,
1328 2572 1400 2608 aut
1434 2564 1489 2608 de
1531 2565 1659 2608 certis
1701 2566 1868 2611 actibus
1911 2571 2067 2623 Fidei3

540 2625 647 2667 aiter
682 2640 784 2668 vero
817 2626 1027 2683 deponat,
1068 2640 1111 2669 se
1144 2625 1186 2670 in
1221 2626 1304 2670 aiio
1338 2626 1430 2670 1000
1465 2625 1681 2669 audivisse
1702 2629 1853 2686 popuii
1879 2632 2073 2676 multitu—

540 2685 687 2729 dinem
724 2686 973 2745 ioquentem
1008 2703 1078 2730 ex.
1116 2703 1178 2745 gr.
1217 2686 1272 2730 de
1302 2687 1462 2730 virtute
1495 2686 1726 2739 charitatis,
1754 2698 1830 2733 aut
1853 2691 1908 2735 de
1943 2693 2070 2737 certis

542 2746 707 2790 actibus
742 2748 960 2791 charitatis
993 2747 1122 2807 (ibid.
1158 2764 1254 2806 cap.
1292 2749 1366 2791 40.
1405 2763 1450 2791 n.
1487 2749 1551 2806 2).
1590 2748 1802 2793 Nimirum
1840 2751 1950 2805 dari,
1998 2763 2070 2798 aut

540 2807 705 2866 concipi
732 2809 803 2851 vix
827 2818 966 2866 potest
1002 2810 1113 2853 sama
1148 2810 1258 2853 adeo
1292 2810 1505 2868 genedea,
1531 2818 1577 2852 ut
1612 2810 1717 2853 nihil
1752 2813 1934 2857 omnino
1979 2815 2069 2859 sive

540 2868 596 2911 de
632 2869 878 2922 virtutibus,
917 2870 1004 2913 sive
1037 2870 1092 2914 de
1127 2886 1279 2914 earum
1314 2870 1479 2915 actibus
1515 2885 1593 2928 per
1618 2870 1760 2928 iugem
1788 2874 2069 2919 traditionem

539 2928 595 2973 ad
628 2937 820 2987 posteros
854 2931 1089 2975 deductum
1124 2931 1271 2976 tuerit.
1309 2931 1369 2975 Ae
1405 2934 1565 2975 mirum
1591 2947 1693 2975 sane
1715 2943 1779 2977 est
1803 2951 1900 2979 eum
1928 2944 2005 2988 tot,
2023 2953 2072 2981 ac

1797 3009 1827 3051 8

2104 1175 2307 1221 Animad-

2127 1236 2155 1298 S
2190 1236 2265 1281 Μ.
