2608 3600
683 223 711 266 2

679 311 796 340 mum
830 295 887 340 dc
918 312 1062 346 musa,
1100 294 1152 338 ·ul
1186 310 1233 338 os
1267 294 1466 339 videlicet
1498 294 1811 339 obstruendum
1858 296 2016 356 impiae
2057 296 2175 341 illins

678 372 732 398 ,ειν
726 365 816 400 :atie
828 372 960 426 ..quw
993 355 1253 400 Citliolieam
1289 355 1552 425 Religionem
1588 355 1718 399 veluti
1754 355 1902 400 Civilis
1946 356 2171 400 Socim-nis

681 418 793 460 bono
828 416 1047 460 inimicam
1084 423 1405 473 repraesentare
1439 415 1593 460 ininiia
1628 423 1823 466 conatur,
1860 432 1908 460 ac
1937 417 2173 475 Rcligiosos

681 478 874 521 homines
906 476 1161 535 ‹l‹.·spiciens,
1199 476 1291 520 illos
1324 477 1378 521 ad
1412 476 1596 534 quodvis
1628 477 1810 528 bonnm,
1846 483 1887 519 ct
1921 476 2025 520 utile
2055 493 2169 548 opus

682 538 845 595 ini-ptos
880 536 1073 587 traducit,
1096 546 1137 579 et
1174 536 1278 581 dum
1312 536 1629 580 scelestissimos
1666 551 1859 596 quosque
1898 538 2083 595 protegit
2118 554 2169 581 ae

680 597 889 648 defendit,
926 613 949 639 e
981 605 1132 641 eontra
1164 596 1426 640 sanctissima
1458 611 1657 655 quaeque
1687 596 1926 641 Catholicae.
1961 597 2169 641 Ecclesiae

678 657 868 702 Instituta
893 656 1105 701 diabolico
1132 656 1272 701 lurore
1291 673 1314 701 e
1334 655 1477 700 medio
1501 656 1649 700 nititur
1679 656 1919 700 climinare.
1944 658 2171 712 Quantum

679 725 821 761 anti-in
844 733 868 760 a
894 717 1072 762 veritate
1096 717 1220 760 huius
1245 716 1416 761 furfuris
1438 716 1631 760 homines
1653 717 1856 760 uberi-vni
1878 725 1991 761 certo
2012 717 2173 761 certius-

682 778 978 821 ‹lcmonstrant
1013 777 1114 828 vita,
1132 793 1284 836 resque
1316 785 1458 834 gestae
1490 793 1513 820 a
1546 777 1704 821 Sorore
1735 779 1787 821 M
1791 792 1865 820 iria
1889 777 1944 820 ab
1979 778 2175 821 lucarna-

681 838 797 881 tione
830 854 944 897 quae
976 838 1016 881 in
1049 837 1319 896 quadruplici
1357 836 1624 894 tii-ginitatis,
1661 836 1877 894 coniugii,
1916 837 2170 888 viduivuis,

680 907 722 942 et
758 898 987 957 Religionis
1018 907 1069 941 st.
1071 907 1129 941 ιω
1168 913 1228 955 pr·
1218 897 1321 940 mel.
1314 896 1499 940 wissima
1523 912 1837 956 usquequaque
1856 898 2052 955 praebuit
2084 898 2175 940 vii·-

682 966 819 1002 tutum
870 958 1067 1001 omnium
1116 959 1329 1015 exempla,
1375 965 1503 1016 atque
1536 957 1839 1000 ardentissimo
1874 958 1915 1001 in
1952 959 2091 1000 Deum
2126 965 2174 1000 et

680 1018 931 1062 Proximum
963 1017 1179 1062 charitatis
1211 1017 1308 1075 igne
1339 1032 1536 1062 succensa
1561 1017 1603 1061 in
1626 1017 1796 1061 dissitas
1819 1018 1969 1061 mundi
2001 1017 2172 1076 plagas,

683 1078 913 1137 praecipue
938 1078 980 1121 in
1002 1078 1223 1136 regionem
1257 1078 1552 1122 Canadensem
1578 1077 1737 1121 nedum
1764 1078 1982 1137 Evangelii
2020 1077 2171 1121 lumen-

684 1139 860 1189 invexit,
898 1153 1047 1181 verum
1081 1137 1212 1181 etiam
1246 1138 1426 1196 populos
1459 1153 1534 1195 per
1569 1138 1613 1181 id
1649 1137 1853 1196 temporis
1885 1138 2079 1182 ell'cratos
2112 1137 2175 1181 ad.

680 1198 957 1242 humanitatis
997 1214 1144 1242 sensus
1183 1214 1268 1257 qua
1308 1198 1534 1256 exempliS,
1569 1215 1655 1257 qua
1690 1197 1832 1241 verb-is
1867 1198 2074 1241 reducens
2111 1198 2170 1241 ita

680 1259 794 1303 civili
826 1259 1017 1303 societati
1048 1259 1309 1317 aggregavit·
1346 1266 1391 1301 ut
1439 1258 1615 1302 excultis
1657 1257 1872 1315 quibusve
1919 1257 2180 1301 nationibus

683 1319 810 1362 iidem
844 1319 1015 1363 valeant
1050 1319 1091 1361 in
1127 1317 1461 1376 praesentiarum
1494 1318 1785 1377 aequiparari.
1823 1318 1944 1372 Quae
1989 1318 2173 1376 quidem

680 1379 821 1422 omnia
856 1379 1107 1430 maximam,
1143 1386 1409 1422 constantem
1441 1385 1484 1422 et
1520 1377 1808 1422 universalem
1833 1378 2072 1422 Sanctitatis
2094 1379 2181 1421 Fa-

683 1453 794 1482 mam
828 1440 981 1484 Eidem
1013 1438 1325 1491 conciliarunt,
1359 1439 1413 1483 ad
1446 1454 1576 1497 quam
1628 1439 1872 1496 augendam
1893 1472 1902 1489 ,
1950 1447 1992 1482 et
2033 1437 2179 1496 magis:

682 1499 940 1542 lii-mandam
974 1514 1059 1542 non
1095 1514 1245 1557 parum
1279 1500 1511 1543 contulisse
1532 1499 1732 1542 videntur
1755 1498 1961 1543 miracula
1986 1498 2055 1542 illa
2078 1498 2179 1557 plu*

682 1560 803 1611 rima,
841 1568 885 1603 et
917 1560 1131 1618 stupenda
1162 1575 1275 1618 quae
1303 1560 1586 1617 Omnipotens
1621 1566 1764 1602 nostro
1787 1558 2038 1617 pracsertim
2064 1573 2180 1603 aevo·

682 1622 739 1663 Ea
774 1619 1068 1663 intercedente
1100 1619 1188 1663 sine
1222 1619 1553 1672 intermissione,
1587 1626 1631 1662 e't
1667 1618 1833 1678 ubique
1866 1626 2086 1677 operatur.

558 1681 602 1724 2.
641 1681 754 1724 thoe
784 1696 912 1737 porro
942 1680 1088 1724 omnia
1120 1686 1161 1723 et
1194 1679 1362 1737 singula
1394 1680 1676 1723 continentur
1705 1679 1750 1722 in
1783 1679 1944 1737 triplici
1965 1681 2178 1723 Processu

684 1742 726 1783 in
758 1740 932 1784 civitate
959 1740 1223 1796 Quebecensi
1258 1739 1488 1783 ordinaria
1511 1740 1763 1783 auctoritate
1786 1748 2027 1783 constructo
2051 1739 2176 1784 unde¹

682 1800 976 1845 Summarium
1008 1809 1050 1844 et
1085 1800 1332 1844 informatio
1366 1810 1543 1859 excepta
1576 1801 1617 1842 in
1652 1816 1737 1858 qna
1772 1800 1876 1843 mibi
1908 1816 1959 1844 ex
1985 1801 2183 1858 professo

683 1861 762 1906 crit
796 1860 1014 1920 agendum
1045 1861 1106 1905 de
1135 1861 1311 1920 singulis·
1340 1861 1498 1904 Set-vae
1530 1861 1613 1903 Dei
1651 1861 1885 1904 virtutibus
1914 1861 1970 1904 ab
2011 1861 2179 1905 Eadem.

683 1922 852 1965 heroico
888 1922 930 1964 in
962 1921 1115 1980 gradu,
1152 1930 1193 1964 et
1226 1922 1317 1964 sine
1351 1920 1667 1964 intermissione
1699 1920 1926 1971 exercitis,
1975 1937 2053 1964 nec
2086 1935 2181 1964 nom

683 1982 741 2025 de
770 1982 1098 2025 charismatibus
1129 1982 1288 2039 quibus
1323 1980 1379 2025 ita
1413 1981 1589 2025 abumle>
1618 1998 1641 2025 a
1675 1983 1769 2024 Deo
1791 1983 1888 2039 ipsa
1909 1981 2047 2025 ditata
2068 1980 2172 2032 fnit,

684 2050 728 2086 ut
765 2057 847 2084 non
884 2041 1102 2084 immerito
1132 2057 1156 2084 a
1187 2043 1291 2084 viris
1323 2041 1518 2085 doctrina
1538 2076 1552 2094 ,
1585 2052 1628 2085 et
1661 2042 1884 2085 sanctitate
1926 2040 2184 2099 praeclaris-

690 2101 823 2151 simis,
851 2101 1010 2144 Eadem
1045 2101 1243 2145 maximis
1263 2101 1607 2160 quibuscumque
1629 2102 1743 2145 vitae.
1777 2101 2007 2160 spiritualis
2040 2099 2186 2158 magi-

685 2162 781 2204 stris
813 2161 938 2205 suen-ii
974 2162 1267 2220 aequiparata,
1303 2163 1388 2205 imo
1420 2169 1463 2206 et
1496 2161 1762 2207 Canadensis.
1789 2161 1977 2220 regionis·
2014 2162 2183 2205 'Phere—

685 2223 744 2265 sia
777 2221 982 2265 meruerit
1015 2222 1245 2280 appellari.

566 2285 613 2327 3.
649 2285 890 2340 Antequam
930 2297 1029 2325 vero
1063 2282 1166 2326 haee
1197 2282 1446 2340 singillatim
1480 2282 1779 2326 demonstrem
1822 2283 2062 2341 perbreve,
2110 2280 2181 2324 uti

688 2343 818 2386 moris
848 2351 931 2394 est,
964 2343 1327 2387 commentarium
1362 2343 1472 2386 vitae
1504 2343 1705 2387 Eiusdem
1738 2343 2038 2402 praemittam.

1101 2464 1270 2508 VlTAE
1302 2464 1518 2509 SERVAE
1551 2465 1646 2508 DEI

1241 2585 1504 2652 synopsis.

567 2708 611 2752 4.
646 2708 829 2752 Turonis
864 2709 909 2752 in
941 2710 1078 2754 Gallia
1101 2726 1155 2754 ex
1181 2710 1400 2755 Florentio
1424 2713 1511 2769 Cu}
1510 2720 1584 2756 art
1608 2720 1649 2756 et
1681 2714 1838 2756 Ioanna
1873 2711 2065 2756 Micheht
2097 2709 2184 2771 piis

688 2769 960 2829 honestisque
992 2771 1248 2831 ceniugibus
1281 2788 1394 2815 anno
1427 2788 1450 2815 a
1473 2772 1691 2817 salutifera
1712 2773 2031 2831 Redemptione
2052 2772 2181 2829 quin·

690 2831 927 2889 gentesimo
962 2832 1235 2892 nonagesimo
1269 2848 1382 2876 nono
1415 2849 1540 2892 supr-1
1575 2834 1852 2879 millesimum
1875 2834 1946 2879 die
1970 2834 2029 2877 48
2052 2836 2179 2876 Octo-
