2664 3584
868 263 1090 295 amsi-omn
1121 258 1475 292 roswmromm.
1873 240 1933 285 55

773 458 1064 509 Beatissimo
1089 457 1238 508 Pater

546 578 752 623 Moniales
785 594 807 621 a
842 577 887 622 S.
924 577 1077 622 Ursula
1124 577 1251 622 enixe
1286 576 1504 635 postulant
1537 584 1583 621 ut
1619 592 1742 621 causa
1778 576 1936 622 Mariae
2035 581 2170 625 Num.
2193 578 2272 622 42.

428 639 629 698 Guyard,
666 639 707 682 in
742 637 896 682 eodem
931 637 1084 683 ordine
1117 638 1271 682 Mariae
1305 637 1614 682 lncarnationis
1645 647 1934 696 nuncupatae,
1989 642 2172 685 Litterae
2189 640 2358 684 mme-

432 700 742 744 introducatur.
1969 701 2096 745 ctoris
2117 709 2156 744 et
2177 701 2353 744 Patrum
2429 736 2455 758 „2
2476 741 2478 743 ,

551 762 706 805 Rector
737 767 780 803 et
818 760 964 804 Patres
995 758 1177 818 Collegii
1210 758 1435 804 Societatis
1457 760 1551 802 lesu
1583 758 1626 802 in
1663 758 1769 802 urbe
1803 760 1942 802 Vene-
1971 762 2156 819 Colleqii
2175 761 2361 805 Societa-
2428 753 2477 816 J

432 821 538 864 tensi
573 820 879 864 Britannorum
912 820 983 879 pio
1018 829 1117 864 voto
1149 819 1445 877 suffragantes,
1482 819 1538 863 ad
1574 818 1706 877 pedes
1737 819 1943 863 Sanctita·
1974 824 2026 867 tis
2049 822 2138 865 Iesu
2172 823 2217 866 in
2251 820 2362 864 Urbe
2437 820 2448 841 ³

432 881 484 924 tis
515 883 694 926 Vestrae
728 881 943 940 provoluti
977 881 1204 925 humiliter
1236 888 1389 939 petunt
1428 888 1474 924 ut
1507 879 1720 938 postulato
1750 894 1943 924 annuere
1978 884 2195 929 Venetensi
2216 881 2363 925 Brito-

433 941 655 1000 dignetur.
1974 960 2088 987 mun.

551 1002 727 1046 Constat
759 1000 875 1044 enim
899 1017 952 1045 ex
975 1001 1205 1045 annalibus
1236 1010 1278 1045 et
1311 1001 1424 1045 sama
1453 1001 1719 1060 praedit-tam
1740 1001 1936 1052 Mariam,

434 1070 523 1105 tum
559 1061 601 1105 in
637 1061 802 1105 mundo
834 1062 951 1120 apud
985 1077 1083 1105 suos
1106 1095 1120 1114 ,
1154 1070 1244 1105 tum
1279 1063 1323 1104 in
1360 1062 1568 1120 religione
1602 1061 1720 1119 apud
1753 1062 1947 1105 Turones

433 1123 544 1166 clara
577 1122 802 1173 orationis,
839 1122 1147 1180 poenitentiae,
1187 1121 1448 1180 patientiae,
1486 1121 1741 1165 humilitatis
1762 1154 1772 1172 ,
1807 1130 1950 1165 caete·

434 1197 672 1240 rarumque
704 1183 930 1235 virtutum,
966 1192 1170 1227 currente
1202 1182 1278 1226 47⁰
1311 1183 1483 1227 saeculo
1505 1181 1703 1239 exempla
1726 1181 1915 1226 dedisse.

555 1244 730 1287 Constat
763 1243 893 1287 etiam
941 1243 1144 1288 eamdem
1192 1243 1234 1287 in
1269 1243 1519 1287 Amerieam
1567 1242 1949 1301 septentrionalem

436 1302 613 1347 missam
646 1304 709 1347 sui
743 1303 910 1347 ordinis
943 1304 1151 1348 moniales
1199 1303 1241 1347 in
1278 1304 1386 1348 urbe
1417 1302 1691 1359 Quebeeensi
1729 1319 1828 1347 eum
1860 1317 1952 1346 ma-

436 1379 519 1422 gno
552 1363 798 1407 animarum
821 1373 1004 1423 quaestu
1028 1364 1278 1409 instituisse.
1317 1365 1425 1408 Nam
1447 1364 1704 1409 earumdem
1739 1364 1949 1407 virtutum

436 1439 611 1482 semper
643 1424 851 1476 studiosa,
888 1426 964 1470 SS.
999 1425 1156 1470 Cordis
1188 1427 1282 1468 lesu
1314 1424 1621 1476 devotissima,
1656 1423 1825 1468 ardenti
1857 1424 1951 1467 zelo

437 1500 636 1528 succensa
670 1484 787 1542 piam
821 1486 1061 1543 puellarum
1094 1485 1397 1531 educationem
1429 1494 1472 1530 et
1493 1485 1764 1544 sylvestrium
1799 1483 1960 1529 incola-—

438 1560 535 1589 rum
569 1546 897 1589 conversionem
931 1546 1040 1590 inire
1076 1546 1312 1604 promovit.

805 1606 1049 1651 Sanctitatis
1084 1608 1252 1651 Vestrav

930 1728 1168 1773 Humillimi
1202 1737 1245 1773 et
1276 1729 1424 1773 devffii
1459 1729 1540 1774 filii

563 1790 611 1832 Ε.
634 1788 786 1834 Cufiesl
804 1790 849 1835 S.
864 1790 1250 1848 LCollcngector.
1318 1793 1366 1834 E.
1394 1790 1449 1834 dc
1472 1794 1674 1837 Beuvron
1709 1791 1755 1836 8.
1791 1792 1827 1834 Ι.

562 1851 603 1893 J.
642 1853 693 1894 Ρ.
728 1850 891 1895 Caudul
926 1853 970 1896 S.
998 1852 1033 1894 l.
1322 1853 1388 1895 De
1423 1852 1549 1910 Briey
1582 1852 1630 1897 S.
1666 1852 1703 1894 1.

565 1911 649 1954 Ti».
675 1910 919 1955 Roulleaux
951 1913 996 1957 S.
1035 1912 1069 1955 1.
1319 1913 1375 1955 Η.
1410 1912 1579 1957 Sacaud
1610 1913 1659 1958 S.
1693 1912 1730 1954 Ι.

562 1973 678 2016 Gab.
713 1971 853 2015 Billoe
884 1972 931 2016 S.
966 1973 1000 2016 1.
1319 1974 1376 2015 11.
1402 1972 1461 2016 de
1491 1974 1533 2017 la
1565 1972 1777 2017 Mai-diere
1804 1972 1850 2017 S.
1886 1972 1924 2015 1.

565 2033 616 2076 E.
651 2033 808 2076 Trauls
841 2033 888 2077 S.
924 2033 958 2076 l.
1319 2034 1356 2076 Ι.
1391 2035 1518 2077 Dano
1549 2034 1598 2078 S.
1630 2035 1669 2078 l.

562 2094 604 2137 J.
641 2093 886 2137 Kcrveonie
912 2094 962 2139 S.
993 2094 1028 2137 l.
1316 2095 1375 2137 A.
1408 2094 1566 2138 Faivre
1593 2095 1642 2140 S.
1676 2095 1713 2137 Ι.

563 2155 739 2198 Satteur
776 2156 823 2199 S.
861 2155 896 2197 l.
1317 2155 1380 2198 Le
1415 2154 1575 2199 Guinio
1607 2156 1655 2200 S.
1690 2156 1726 2198 l.

562 2215 605 2258 J.
642 2213 840 2259 Rochard
873 2215 919 2259 S.
954 2216 992 2258 Ι.
1315 2216 1431 2259 Xav.
1459 2217 1572 2274 Aug.
1597 2215 1807 2274 Sejoume
1838 2215 1885 2260 S.
1921 2214 1960 2257 1.

445 2338 638 2383 Veni-tiis
661 2338 887 2382 Britonum
910 2337 980 2382 die
1004 2337 1144 2397 prima
1167 2337 1368 2383 Octobris
1399 2337 1532 2382 1876.

799 2522 1088 2574 Beatissime
1114 2524 1280 2583 Pater,

571 2641 640 2687 Ad
677 2641 808 2700 pedes
838 2643 1078 2688 Sanctitatis
1111 2645 1288 2689 Vestrae
1321 2643 1543 2689 humiliter
1571 2646 1837 2704 provolutus,
1874 2646 1962 2691 clc·
2055 2648 2188 2693 Num.
2215 2648 2290 2692 43.

449 2717 524 2747 rus
556 2704 781 2748 saecularis
804 2713 848 2748 et
871 2705 1076 2762 regularis
1098 2705 1283 2749 civitatis
1305 2705 1597 2761 Quebecensis
1620 2708 1661 2750 in
1687 2708 1880 2759 Canada,
1907 2708 1962 2752 ad
2024 2709 2207 2753 Litterae
2266 2709 2314 2755 V
2310 2725 2374 2754 en.

450 2762 658 2809 maiorem
695 2765 774 2808 Dei
808 2765 1006 2823 gloriam,
1042 2767 1115 2825 qui
1151 2766 1360 2810 mirabilis
1391 2774 1454 2810 est
1488 2768 1531 2811 in
1563 2768 1725 2812 Sanctis
1758 2770 1858 2820 suis,
1885 2785 1964 2828 po·
1995 2770 2112 2814 Cleri
2147 2769 2380 2815 Saecularis

451 2824 577 2869 stulat
622 2833 665 2868 ut
706 2824 909 2883 dignetur
954 2827 1166 2872 Sanctitas
1201 2830 1351 2871 Vestra
1401 2827 1553 2873 iubere
1598 2829 1964 2874 introductionem
1995 2829 2384 2888 etReyularisCiei-

453 2902 603 2930 causac
635 2886 964 2932 beatificationis
997 2889 1155 2934 Mariae
1188 2888 1382 2947 Guyard,
1428 2888 1469 2932 in
1505 2890 1714 2950 religione
1751 2891 1879 2935 Μανία
1913 2891 1963 2936 de
1987 2892 2084 2936 tatis
2100 2891 2379 2948 Qaebecensis.
