2640 3616
694 257 751 304 48

693 356 707 373 .
736 350 870 380 avcva
906 334 1019 378 delle
1057 335 1392 379 comunicazioui
1435 345 1544 380 tutte
1571 338 1718 382 divine
1739 339 1846 396 eogli
1883 340 2052 399 Angeli,
2076 343 2180 386 ccoi

695 416 710 434 ι
739 396 873 441 Santi.
911 398 953 447 lo
986 411 1066 439 nou
1103 395 1193 439 saro
1223 396 1296 455 qui
1336 397 1560 440 menzione
1598 399 1676 442 elio
1709 398 1820 444 della
1855 415 1928 444 sua
1957 401 2182 448 divozione

692 474 708 494 ι
735 474 758 501 a
799 460 842 502 S.
874 459 1105 500 Franccsco
1139 456 1183 499 di
1223 456 1349 501 l'aola
1372 491 1381 508 ,
1419 474 1542 501 coine
1580 459 1952 517 particularissima
1987 461 2072 507 ullu
2107 478 2180 509 suu

699 539 713 554 n
744 518 931 575 l'aniiglia
964 531 1083 559 come
1113 517 1145 560 si
1181 517 1263 575 puo
1297 518 1473 563 vedere.
1506 539 1522 557 ι

564 578 640 620 33.
677 579 817 633 Quum
846 577 1022 636 quidem
1057 578 1336 621 devotionem
1373 579 1647 636 praecipuum
1684 595 1780 636 erga
1813 583 1989 624 §inuictos
2015 590 2058 625 et
2086 583 2180 640 plu·

690 640 787 683 rimi
822 653 994 696 semper
1029 638 1217 681 l'eeeruut
1249 642 1292 683 S.
1334 640 1465 682 Rotae,
1503 641 1720 683 lhuuanae
1744 641 1973 685 Auditorcs
2000 642 2040 685 in
2068 643 2182 687 relu-

689 700 876 743 tionibus
894 701 1145 749 Causarum,
1183 708 1219 742 et
1258 701 1396 758 lpsaiu
1432 715 1604 758 quoque
1638 700 1860 751 heroicae,
1899 717 1946 746 uc
1977 702 2181 761 singulari

686 761 920 804 adceusere
966 758 1083 802 Fidei
1119 760 1299 802 mininie
1350 759 1624 803 dubitarunt.
1666 762 1712 804 Et
1746 761 1838 804 iure
1890 763 2044 806 merito
2078 766 2180 823 quia

687 821 883 866 videlicet
922 820 1053 862 sancti
1091 827 1237 877 utpute
1275 820 1351 862 l)ei
1387 820 1512 863 amici
1541 820 1807 878 potissimum
1835 831 2009 880 propter
2036 824 2176 868 Deum

687 881 927 927 afficiuntur
947 880 1107 923 honore
1126 880 1241 922 iuxta
1262 880 1368 923 illud
1390 880 1655 923 notissimum
1677 882 1961 940 S,t‹]1›iptnu·ii
1985 883 2078 927 her.
2102 886 2174 929 78.

686 967 714 974 —
735 945 1010 1000 Quicumque
1043 941 1219 984 lioucrat
1255 942 1507 992 Dominum,
1536 941 1716 985 honorat
1749 951 1789 985 et
1813 944 2063 986 Sanctum-
2086 944 2181 989 hinc

689 1005 734 1048 S.
764 1001 1019 1047 Laurentius
1049 1001 1268 1044 lustiniaui
1307 1002 1348 1043 iu
1385 1002 1461 1045 lib.
1502 1002 1606 1045 vitae
1650 1017 1745 1060 cap.
1773 1005 1815 1046 4.
1861 1003 1963 1046 haec
1996 1003 2180 1049 affirmat

687 1064 865 1122 loquens
899 1063 953 1106 de
989 1062 1091 1104 Fide
1131 1081 1146 1099 ιι
1174 1063 1262 1103 Deo
1295 1061 1430 1105 credit
1466 1062 1539 1120 qui
1576 1064 1729 1106 sanctis
1752 1065 1837 1107 suis
1861 1064 1991 1108 eredit
2023 1065 2063 1106 in
2090 1067 2183 1123 qui-

684 1125 764 1167 bus
799 1124 993 1182 loquitur
1029 1124 1158 1165 neus.
1190 1143 1204 1160 n
1243 1122 1449 1179 Loquitur
1474 1138 1591 1173 vero,
1619 1123 1679 1166 uti
1705 1125 1887 1183 quisquc
1912 1125 2030 1167 novit
2054 1140 2181 1183 prae-

686 1186 847 1242 potenti
902 1184 1004 1232 illa,
1056 1190 1097 1226 et
1149 1182 1406 1239 intelligibili
1458 1183 1763 1227 miraculorum
1800 1200 1903 1226 voce.
1936 1201 2048 1243 quae
2088 1187 2181 1243 lpse

688 1255 855 1302 patrare
891 1243 1127 1289 identidem
1152 1243 1255 1285 solet
1282 1243 1454 1285 llloruiu
1487 1244 1648 1286 meritis
1672 1253 1710 1286 et
1739 1245 2041 1289 intercessione
2067 1247 2181 1291 unde

683 1306 892 1350 mirabilis
928 1306 970 1348 iu
1005 1303 1158 1347 sanctis
1192 1304 1277 1346 suis
1312 1303 1353 1345 in
1390 1302 1553 1345 mundo
1585 1314 1778 1362 apparet.

560 1366 635 1408 34.
675 1367 759 1410 Nec
815 1367 955 1409 minus
1007 1364 1253 1411 heroicam,
1305 1372 1343 1406 et
1397 1363 1655 1421 singularem
1699 1381 1787 1407 sese,
1821 1365 2018 1409 exhibuit
2053 1366 2179 1410 Fides

682 1428 842 1471 Sei-vac
876 1425 959 1469 Dei
993 1425 1159 1469 Son-oris
1192 1424 1349 1467 Mariae
1383 1424 1437 1467 ab
1485 1425 1780 1468 luearuationc
1831 1426 1874 1468 iu
1927 1426 2180 1484 plenissima

682 1505 729 1531 ac
764 1488 952 1545 perlecta
989 1486 1275 1543 undequaque
1310 1484 1556 1528 obedientia
1601 1500 1728 1529 verae
1770 1486 1925 1529 ctu-isti
1962 1486 2176 1531 Ecclesiae

684 1548 794 1592 idest
827 1546 1072 1592 Catholicae.
1098 1546 1368 1604 Aposmtlcae
1393 1547 1627 1588 Romanae.
1655 1548 1736 1589 Cui
1760 1546 1973 1591 exclusive
2007 1563 2181 1591 concre-

681 1609 820 1652 ditum
857 1609 930 1652 suit
969 1623 993 1650 a
1027 1606 1194 1651 Clu-isto
1229 1606 1417 1648 nomino
1453 1605 1637 1648 Divinae
1674 1607 1958 1650 novetationis
2009 1607 2179 1665 deposi-

684 1678 791 1720 tum,
829 1670 988 1726 cuique
1022 1668 1077 1710 ab
1110 1668 1297 1724 lpsomet
1330 1682 1405 1709 suo
1439 1666 1684 1710 Fundatore
1719 1675 1760 1710 et
1783 1670 1950 1726 Spouso
1974 1667 2179 1712 serenda-

684 1745 780 1773 rum
815 1731 976 1787 legum,
998 1744 1045 1772 ac
1069 1735 1238 1786 peecata
1265 1726 1487 1771 relaxandi
1524 1727 1621 1770 data
1657 1737 1716 1771 est
1753 1736 1951 1785 potestas.
1975 1728 2083 1772 llinc
2117 1745 2182 1773 su-

683 1790 989 1849 perabundans
1012 1789 1125 1832 lllius
1158 1788 1437 1845 gaudianum
1474 1788 1688 1831 maximae
1722 1789 1956 1846 gratiarum
1990 1790 2181 1834 actiones

683 1854 776 1895 Deo
800 1851 873 1911 qui
896 1850 980 1894 sibi
999 1849 1116 1894 Fidei
1143 1850 1305 1893 donum
1330 1850 1565 1892 contulerat
1592 1848 1776 1893 efficiens
1798 1866 1845 1893 ac
1869 1850 2101 1908 disponens
2134 1859 2181 1895 ut

682 1929 705 1955 a
741 1912 994 1970 parentibus
1028 1910 1244 1954 catholicis
1277 1909 1488 1967 originem
1525 1910 1703 1953 duceret
1727 1910 1864 1954 Testis
1890 1912 1962 1953 vtl
1987 1910 2177 1969 (Summ.

682 1973 790 2016 ibid.
819 1989 916 2031 pag.
945 1972 1042 2029 74.)
1081 1992 1097 2009 a
1128 1972 1204 2015 Cio
1238 1970 1415 2028 (nempe
1448 1970 1641 2014 catholici
1678 1972 1814 2015 cultus
1849 1971 2067 2032 maiestas)
2096 1972 2182 2016 Ella

690 2054 706 2071 ι
734 2034 859 2084 (lice,
911 2041 1176 2075 aumentava
1222 2031 1259 2074 la
1295 2031 1380 2074 mia
1415 2030 1549 2081 sede,
1587 2034 1642 2074 ed
1678 2031 1717 2074 io
1752 2033 1808 2075 mi
1844 2031 2093 2076 dil'l'ondeva
2138 2033 2180 2076 in

688 2116 703 2131 υ
734 2093 996 2137 rendimeutt'·
1033 2092 1073 2135 di
1107 2094 1246 2150 grazie
1280 2099 1449 2134 mentre.
1484 2092 1567 2134 Dio
1599 2092 1657 2134 mi
1694 2108 1829 2136 aveva
1865 2093 1967 2136 fatto
2003 2108 2177 2138 nascere

691 2175 705 2193 n
733 2155 787 2198 da
823 2153 1004 2210 genitori
1041 2152 1239 2201 cattolici‚
1266 2168 1289 2194 e
1314 2167 1391 2209 per
1412 2153 1578 2194 averiui
1602 2152 1812 2196 cliiuinata
1841 2152 1923 2195 alla
1955 2154 2181 2197 vocazioue

690 2237 703 2252 υ
732 2216 775 2259 di
812 2215 927 2271 figtia
963 2213 1075 2256 della
1109 2221 1229 2256 santa
1263 2213 1417 2256 Cliiesa
1449 2214 1671 2257 Cattolica.
1700 2233 1716 2251 ι
1767 2214 1842 2256 Cui
1878 2214 2061 2256 concinit
2095 2215 2176 2257 Te-

684 2277 756 2319 stis
781 2278 822 2318 X
858 2276 1047 2332 (Surum.
1090 2274 1200 2317 ibid.
1244 2289 1344 2331 pag.
1383 2274 1479 2331 76.)
1517 2273 1579 2316 his
1615 2273 1779 2316 verbis:
1823 2295 1838 2311 a
1864 2275 1919 2316 La
1953 2290 2028 2317 sua
2064 2275 2180 2318 Fedc

694 2357 708 2374 ι
738 2353 810 2380 era
845 2336 926 2378 cosi
966 2335 1061 2377 viva
1095 2335 1265 2377 intorno
1288 2350 1312 2376 a
1337 2342 1446 2376 tutto
1469 2333 1536 2376 cii)
1559 2334 1635 2377 che.
1659 2349 1789 2391 opera
1814 2334 1852 2378 la
1877 2335 2004 2378 Sauta
2029 2334 2181 2380 Chiesa

692 2419 706 2435 n
735 2398 813 2441 elie
848 2397 933 2439 lino
968 2395 1079 2438 dalla
1113 2411 1189 2438 sua
1240 2395 1430 2451 puerizia
1466 2393 1556 2437 Etta
1593 2394 1629 2436 vi
1670 2403 1841 2438 trovava
1879 2394 1916 2437 la
1950 2411 2023 2438 sua
2061 2396 2176 2447 vita,

691 2480 705 2495 »
734 2458 789 2501 ed
826 2458 854 2500 il
887 2473 965 2500 suo
1001 2456 1281 2499 alin'iento....
1306 2456 1370 2499 Ed
1403 2456 1492 2498 Elia
1526 2456 1558 2497 si
1593 2455 1843 2499 dil'l'oudeva
1878 2455 1918 2497 in
1954 2456 2182 2513 ringrazia-

690 2539 705 2557 ι
735 2519 869 2562 menti
904 2533 985 2577 per
1019 2533 1156 2560 essere
1182 2526 1276 2560 nata
1301 2516 1356 2559 dt:
1381 2516 1563 2573 genitori
1599 2516 1813 2559 Cattolici.
1848 2537 1863 2554 ι
1901 2517 2111 2571 Quinimo
2130 2532 2180 2561 eo

684 2595 906 2638 progressa
942 2587 1002 2620 est
1036 2579 1194 2622 Servae
1228 2578 1307 2621 Dei
1342 2577 1647 2620 benevolentia
1683 2585 1724 2619 et
1758 2576 1931 2620 devotio
1963 2592 2065 2635 erga
2100 2579 2177 2621 Ca-

689 2641 886 2684 tholicam
927 2638 1175 2683 Ecclesiam.
1214 2646 1255 2680 ct
1291 2638 1563 2683 inl'allibileS.
1611 2654 1659 2681 ac
1695 2638 2033 2682 irrel'c-rmabiles
2066 2637 2180 2682 lllius

685 2701 960 2744 definitiones
998 2708 1041 2743 ut
1074 2715 1173 2743 eum
1223 2698 1424 2742 Eiusdem
1475 2698 1733 2742 adversariis
1775 2699 1866 2741 sive,
1900 2699 2058 2756 apertis
2092 2699 2181 2742 sive

683 2762 878 2807 subdolis
914 2776 992 2804 nec
1026 2776 1142 2812 voce,
1183 2775 1256 2803 nec
1290 2760 1458 2817 scriptis
1493 2774 1733 2817 numquam
1768 2761 2087 2803 communicare
2108 2775 2177 2802 vo-

686 2823 829 2867 luerit.
874 2823 982 2865 llinc
1031 2821 1273 2866 lansenistis
1323 2822 1396 2878 qui
1449 2821 1561 2864 l'anla
1596 2820 1839 2864 Sanctitatis
1874 2830 1916 2863 et
1959 2821 2180 2865 doctrinae

684 2886 841 2929 Servae
874 2883 954 2927 Dei
992 2883 1175 2942 permoti
1228 2882 1526 2941 intelligebant
1559 2899 1601 2926 se
1637 2882 1819 2925 multum
1858 2883 2046 2940 potuisse
2087 2897 2180 2941 pro-
