2672 3584
1965 238 2022 284 43

509 309 611 352 tioni
650 309 881 367 placuerit,
923 312 1077 369 poterit
1114 312 1243 355 ctiam
1280 312 1320 354 in
1357 311 1532 355 civitate
1566 312 1806 355 Turonensi
1840 314 2035 371 Aposto-

502 369 607 413 licus
641 386 770 429 super
804 372 1034 416 virtutibus
1070 374 1110 416 in
1138 372 1280 430 specie
1303 374 1463 416 Sorvae
1488 372 1566 415 Dei
1594 374 1817 416 l’rocossus
1842 374 2023 419 institui.

628 431 699 474 19.
742 432 954 492 Denique,
995 441 1039 476 ut
1071 434 1175 477 alias
1209 432 1407 476 omittam
1443 432 1627 476 rationes
1662 433 1720 476 ob
1752 449 1861 492 quas
1885 436 2025 479 Turo-

504 493 566 536 nis
603 493 823 551 inquisitio
860 494 1048 537 instituta
1085 509 1169 537 non
1208 493 1301 544 l'uit,
1340 493 1445 537 hacc
1478 493 1521 536 ni
1557 493 1680 537 l'allor
1712 509 1801 537 esse
1845 504 1985 554 potest
2010 531 2020 547 ,

507 553 611 611 quia
647 569 803 610 nempe
839 554 877 597 in
914 554 1155 599 Canadensi
1193 554 1365 613 regione
1397 554 1539 612 potior
1572 554 1685 597 vitae
1728 570 1824 611 pars
1868 559 2029 601 Sorvae

509 614 589 657 Dei
626 614 793 657 sororis
825 615 984 658 Mariae
1018 617 1072 659 ab
1107 616 1402 659 incarnatione
1439 622 1646 658 transacta
1681 622 1763 665 est,
1802 625 1844 658 et
1879 617 1919 659 in
1956 618 2028 662 illa

505 682 687 718 mortem
726 675 767 717 in
802 685 1029 734 conspectu
1069 676 1243 720 Domini
1278 678 1508 735 pretiosam
1543 674 1703 719 Eadem
1729 676 1928 733 oppetiit,
1956 694 2031 735 po-

501 743 671 793 stquam
709 751 786 793 per
820 752 953 780 annos
991 746 1072 780 tres
1108 745 1146 780 ct
1185 737 1353 796 triginta
1385 736 1610 780 continuos
1651 736 1692 778 in
1740 736 1808 779 illa
1861 752 2028 782 moram

505 796 686 839 lecisset.
724 797 811 839 iam
849 812 965 848 vero,
1005 798 1080 841 ctsi
1116 799 1296 842 daretur
1329 796 1587 841 Adversario
1623 797 2022 854 praestantissimo,

499 856 617 914 quod
651 857 795 900 onmia
829 874 1004 917 prorsus
1039 875 1112 902 nos
1149 859 1326 902 laterent
1364 874 1475 917 quac
1511 857 1742 915 respiciunt
1766 858 2030 903 Adolescen-

505 917 607 960 tiam
644 925 685 960 ct
720 919 992 962 inventutem
1027 920 1195 964 Sororis
1228 920 1384 964 Mariae
1419 919 1474 961 ab
1519 918 1817 962 incarnatione
1839 953 1848 970 ,
1899 934 2029 965 omne

504 977 662 1021 seilicet.
697 978 802 1021 illud
841 980 1047 1038 temporis
1080 980 1264 1039 spatium
1302 980 1418 1039 quod
1455 979 1678 1037 praecessit
1716 979 1950 1022 discessum
1976 981 2030 1023 ll-

504 1037 586 1081 lius
622 1038 676 1081 ad
711 1040 983 1084 Canadenscs
1019 1042 1214 1099 populoS,
1252 1042 1358 1099 quid
1384 1056 1512 1097 porro
1535 1049 1790 1098 sequeretur
1813 1056 1864 1082 ex
1888 1041 2026 1084 omni-

503 1098 632 1142 moda
668 1099 915 1143 huiusmodi
951 1102 1170 1160 supposita
1206 1101 1442 1159 ignorantia
1475 1109 1691 1159 gestorum
1725 1101 1884 1144 Sorvae
1913 1101 2030 1144 Dei?

506 1160 616 1202 Num
653 1160 772 1217 quod
806 1163 901 1219 ipsa
936 1162 989 1205 ad
1025 1164 1238 1222 Superum
1274 1162 1458 1205 honores
1491 1161 1614 1204 evehi
1651 1176 1673 1203 a
1707 1160 1820 1205 Sede
1847 1160 2029 1219 Aposto-

502 1219 581 1263 lica
618 1235 702 1263 non
740 1231 893 1278 posset.
933 1223 998 1266 Nil
1033 1239 1133 1267 sane
1170 1223 1336 1266 minus?
1370 1224 1538 1266 Norunt
1572 1221 1686 1264 enim
1723 1236 1873 1264 omnes
1912 1222 2031 1265 novit

502 1281 788 1324 Adversarius
821 1284 1018 1342 egregius
1050 1284 1171 1342 qnod
1205 1284 1457 1327 auctoritate
1479 1282 1706 1325 doctorum
1734 1282 1775 1324 in
1799 1297 1918 1325 sacro
1951 1297 2030 1325 no-

503 1349 590 1384 stro
627 1341 719 1385 soro
754 1343 938 1387 admissa
973 1353 1013 1387 et
1048 1352 1217 1403 recepta
1255 1343 1465 1387 sufficiens
1498 1343 1550 1386 sit
1582 1344 1714 1386 Fama
1752 1342 1808 1385 dc
1848 1342 2031 1387 heroicis

506 1402 684 1445 alicuius
718 1404 839 1447 Servi
874 1405 954 1448 Dei
989 1406 1221 1449 virtutibus
1255 1412 1298 1448 et
1330 1404 1562 1449 Sanctitate
1598 1404 1709 1446 vitae
1754 1403 1905 1446 saltem
1950 1419 2029 1461 per

506 1471 747 1521 postremos
782 1465 931 1508 decem
968 1465 1077 1509 illius
1111 1482 1261 1510 annos.
1301 1467 1390 1509 imo
1437 1480 1516 1508 nec
1558 1464 1745 1522 rigorose
1790 1463 2027 1522 loquendo,

505 1532 681 1567 auctore
728 1525 820 1582 ipso
855 1527 963 1570 iuris
996 1528 1133 1571 Nostri
1169 1527 1439 1571 Moderatore
1475 1534 1642 1570 tantum
1682 1525 1887 1582 temporis
1931 1540 2027 1582 spa-

509 1584 617 1627 tium
654 1587 938 1630 necessarium
976 1597 1100 1639 essct,
1140 1587 1216 1631 sed
1251 1587 1526 1631 solummodo
1560 1586 1817 1629 diuturnum
1853 1584 2031 1643 aliquod

503 1651 676 1703 tempus
710 1662 812 1705 quo,
850 1648 1122 1707 aliquatenus
1159 1647 1478 1706 perseverantia
1512 1646 1748 1690 sanctitatis
1784 1645 1900 1688 vitae
1933 1660 2030 1703 pos-

501 1714 560 1747 set
599 1714 715 1749 certo
749 1717 957 1752 constare.
1014 1710 1067 1751 At
1115 1709 1157 1752 in
1201 1724 1300 1752 casu
1336 1717 1508 1759 nostro,
1545 1707 1675 1750 etiam
1712 1706 1753 1749 in
1793 1706 2029 1764 hypothesi

502 1767 701 1810 Censoris
735 1769 912 1828 egregii,
953 1786 1036 1813 non
1070 1770 1239 1820 decem,
1277 1769 1353 1813 sed
1390 1776 1475 1812 tres
1517 1777 1558 1812 et
1594 1767 1767 1825 triginta
1816 1782 1953 1811 annos
2005 1784 2029 1812 a

504 1828 639 1872 Serva
675 1829 755 1872 Dei
791 1838 1025 1875 transactos
1058 1831 1320 1874 haberemus
1356 1830 1397 1873 in
1422 1829 1597 1888 regione
1619 1828 1875 1879 Canadensi,
1900 1836 2032 1887 atque

506 1887 664 1932 ideirco
698 1890 862 1935 etiamsi
895 1892 987 1936 dari
1025 1891 1182 1943 vellet,
1232 1891 1368 1950 (qnod
1408 1906 1490 1933 non
1527 1889 1699 1947 damus)
1737 1889 1906 1932 nullum
1942 1904 2030 1932 an-

508 1956 670 1993 teactae
705 1951 816 1994 vitae
848 1954 1008 1998 Sorvae
1042 1953 1122 1996 Dei
1157 1951 1324 1997 Sororis
1359 1951 1519 1995 Mariae
1553 1951 1608 1994 ab
1643 1949 1942 1993 incarnatione
1961 1965 2031 1993 ve-

506 2009 682 2067 stigium
716 2026 954 2069 superesse,
992 2014 1071 2057 hoc
1105 2022 1245 2056 tamen
1267 2011 1505 2056 nullimode
1526 2011 1738 2070 impedire
1757 2018 1897 2068 posset
1921 2026 2032 2069 quo-

505 2071 649 2114 minus
689 2072 905 2118 tun-oduei
941 2076 1076 2119 Causa
1122 2073 1455 2117 Beatilicationis
1501 2072 1695 2116 eiusdem
1740 2072 1901 2115 servae
1947 2072 2030 2115 Dei

504 2130 545 2172 in
579 2130 658 2176 hoc
691 2149 812 2176 sacro
846 2135 953 2186 l'oro,
976 2143 1016 2178 ct
1043 2136 1277 2192 petractari
1313 2134 1354 2176 in
1380 2133 1720 2192 praesentiarum
1741 2138 1899 2190 posset.
1922 2131 2024 2175 Dixi

503 2191 621 2249 quod
655 2208 736 2236 non
770 2195 923 2239 damus
960 2196 1125 2239 nullum
1159 2210 1385 2253 superesse
1420 2194 1651 2252 vestigium
1687 2193 1797 2236 vitae
1830 2193 2030 2236 anterio-

504 2252 559 2294 ris
590 2254 753 2297 Servae
787 2256 866 2299 Dei
901 2256 1168 2314 praedictae,
1205 2255 1564 2315 quandoquidem
1604 2270 1655 2298 ex
1681 2254 1860 2297 testibus
1885 2254 1928 2296 in
1955 2255 2027 2296 tri-

509 2312 609 2371 plici
642 2315 884 2360 Can-densi
919 2317 1202 2375 inquisitione
1240 2318 1442 2368 excussis,
1462 2316 1562 2360 satis
1578 2330 1794 2374 superque
1812 2314 2028 2358 habemus

506 2374 726 2433 quidquid
761 2378 947 2434 pertinet
978 2379 1034 2422 ad
1065 2386 1225 2428 ortum,
1265 2378 1475 2436 patriam,
1512 2384 1735 2436 parentes,
1775 2375 2031 2419 aeducatio-

509 2449 624 2485 nem,
664 2436 1014 2490 adolescentiam,
1050 2447 1092 2482 et
1124 2439 1393 2482 iuventutem
1412 2438 1578 2483 Sororis
1600 2437 1758 2481 Mariae
1792 2436 1849 2479 ab
1884 2438 2028 2479 incar-

509 2496 699 2548 natione,
739 2513 818 2542 nec
851 2516 935 2544 non
969 2500 1145 2544 virtutes
1178 2500 1235 2543 ab
1274 2502 1330 2544 Ea
1363 2500 1570 2543 exercitas
1599 2499 1639 2542 in
1672 2506 1784 2542 statu
1809 2497 2030 2556 virginita—

514 2555 564 2599 tiS
588 2591 597 2607 ,
637 2559 855 2617 coniugii,
893 2561 1115 2606 viduitatis
1137 2597 1147 2614 ,
1187 2570 1229 2604 ct
1262 2561 1495 2619 Religionis
1529 2560 1657 2603 etiam
1706 2565 1941 2617 antequam
1977 2557 2031 2601 ad

506 2617 779 2665 Canadenses
811 2624 997 2682 populos
1027 2622 1406 2682 profiscisceretur.
1443 2623 1535 2666 Stat
1579 2621 1710 2679 igitur
1748 2619 1868 2677 quod
1908 2618 2029 2662 nullo

510 2677 552 2722 in
590 2695 687 2723 casu
733 2682 921 2727 extiterit
953 2683 1182 2728 necessitas
1213 2683 1396 2726 Turonis
1439 2681 1729 2741 inquisitionis
1767 2679 2028 2725 ordinariae

515 2740 805 2787 instituendae
851 2761 926 2804 pro
961 2744 1201 2789 obtinenda
1244 2745 1405 2788 Causae
1444 2742 1768 2787 introductione
1808 2740 2029 2802 praefatae

509 2800 670 2846 Sorvae
705 2805 787 2849 Dei
819 2806 989 2850 Sororis
1025 2806 1181 2851 Mariae
1213 2805 1267 2848 ab
1301 2804 1611 2849 incarnatione.
