2640 3584
607 224 666 268 60
1078 240 1327 273 SUMMARItm
1360 243 1633 278 Anemonem

607 313 843 356 t·o›tit·t·tlt·t·e
874 314 1104 370 dianetum
1143 330 1226 373 qua
1261 314 1537 368 adveniente,
1573 317 1769 375 religioni
1805 318 1934 365 decus
1968 338 2119 368 munc-

608 374 749 432 risquc
783 374 976 418 coelestis
1009 375 1273 434 principium
1308 379 1389 422 crit
1424 377 1467 420 in
1501 379 1675 437 regione
1708 388 1868 425 nostra.

1033 496 1279 541 Sanctitatis
1313 499 1493 544 Vestrae

995 619 1268 664 llumillimus
1290 622 1448 666 Servus
1470 629 1513 665 et
1537 620 1576 665 in
1599 621 1766 667 Christo
1791 622 2123 670 Addietissiinus

1093 682 1128 741 †
1192 682 1238 725 L.
1266 682 1313 725 Z.
1342 682 1574 741 Episcopus
1607 683 1747 727 Sancti
1781 684 2026 742 Hyacinthi.

606 802 732 860 Apud
757 803 961 847 Sanctum
987 802 1273 862 Hyacinthum
1298 803 1369 849 dic
1393 803 1450 846 45
1475 804 1733 848 Novembris
1757 806 1896 850 4876.

955 987 1243 1039 Beatissime
1292 990 1467 1046 Pater,

285 1114 414 1155 flam.
445 1112 514 1155 47.
728 1108 829 1165 Ego,
844 1106 1158 1164 iuli-ascriptus,
1174 1109 1345 1152 Praesul
1369 1107 1631 1152 domesticus
1653 1107 1904 1155 Sanctitatis
1926 1108 2122 1162 Vestrae,

230 1172 407 1215 Litferae
431 1173 571 1216 lton-mi
604 1177 647 1213 et
694 1167 901 1225 Superior
943 1169 1171 1212 Seminarii
1206 1169 1351 1214 Sanieti
1386 1167 1642 1226 Hyacinthi,
1679 1169 1733 1213 ad
1769 1168 1900 1227 pedes
1932 1169 2122 1214 Beatitu-

187 1233 426 1290 Superioris
449 1235 578 1276 Sunii·
608 1229 722 1274 dinis
759 1230 935 1272 Vestrae
968 1230 1218 1285 provolutus
1239 1263 1249 1280 ‚
1287 1230 1507 1273 humiliter
1554 1229 1723 1287 postulo
1765 1229 2123 1274 introductionem

188 1294 583 1352 10‹o·e'ae'Sn.›2ctillya-
616 1305 767 1333 causac
800 1289 854 1332 de
885 1289 1206 1334 beatificatione
1239 1291 1392 1334 illan-iae
1424 1290 1481 1334 de
1514 1290 1825 1341 lucau-natione,
1851 1290 2014 1348 primae
2046 1292 2126 1335 Su-

190 1354 337 1398 cineln'.
610 1351 789 1412 pei-ioris
823 1349 999 1395 Ordinis
1034 1353 1161 1409 vulgo
1192 1351 1293 1395 dicti
1330 1354 1510 1396 Sanctae
1544 1351 1735 1401 Ursulae,
1774 1352 1819 1395 in
1854 1352 2122 1407 Quebccensi

607 1413 782 1458 civitate
816 1421 992 1471 propter
1023 1413 1208 1456 rationes
1241 1427 1424 1470 ‹fluat-um
1459 1412 1655 1470 sequitur
1687 1411 1915 1470 expositio,

730 1474 843 1517 llaec
874 1473 1043 1517 Ancilla
1078 1473 1159 1516 Dei
1193 1472 1427 1531 dereliquit
1457 1473 1639 1517 Galliam
1666 1481 1710 1516 ut
1737 1473 1922 1529 erigeret
1942 1471 2122 1515 domum

606 1534 670 1578 sui
704 1534 879 1578 Ordinis
914 1534 958 1577 in
991 1533 1190 1584 Curunda,
1234 1542 1430 1592 tempore
1472 1549 1558 1592 quo
1591 1533 1700 1577 haee
1730 1533 1849 1591 regio
1882 1540 1972 1577 erat
2005 1534 2122 1576 omni

607 1611 690 1654 ope
722 1595 943 1645 destituta,
971 1603 1014 1638 et
1046 1610 1176 1651 saepo
1214 1595 1436 1639 devastata
1469 1611 1492 1638 a
1526 1594 1833 1638 crudelissimis
1865 1593 2090 1652 sylvicolis.

730 1657 775 1699 ln
811 1656 888 1699 hoc
921 1671 1051 1713 opere
1076 1656 1291 1699 heroicam
1316 1655 1612 1699 fortitudinem
1636 1654 1851 1705 exhibuit,
1871 1654 2029 1699 multos
2062 1654 2126 1697 in-

607 1715 756 1760 fideles
788 1716 843 1760 ad
877 1715 1010 1759 tidem
1042 1716 1319 1760 christianam
1353 1715 1564 1766 adduxit,
1606 1724 1648 1760 et
1683 1716 1885 1759 omnium
1918 1714 2122 1758 virtutum

608 1777 650 1820 in
684 1777 890 1820 altissimo
923 1776 1060 1834 gradu
1094 1777 1293 1834 exempla
1331 1777 1373 1819 in
1404 1793 1452 1820 so
1485 1777 1705 1835 praebuit.

730 1837 921 1896 Reliquit
971 1837 1130 1880 famam
1179 1837 1411 1881 sanctitatis
1458 1853 1568 1896 quac
1619 1853 1757 1895 usque
1789 1837 1832 1880 in
1868 1837 1977 1881 lianc
2009 1835 2125 1879 diem

606 1907 853 1942 constanter
883 1897 1035 1941 crevit.

728 1959 882 2002 Multae
916 1959 1093 2016 gratiae,
1131 1959 1384 2017 pracsertim
1424 1959 1665 2003 curationes
1701 1957 1951 2009 mirandae,
1987 1957 2119 2001 inter-

605 2019 784 2062 cessioni
818 2019 909 2063 eius
951 2020 1151 2077 precibus
1194 2019 1389 2064 lidelium
1433 2020 1682 2064 sollicitatae
1716 2018 2027 2063 adscribendae
2061 2019 2122 2061 vi-

607 2080 782 2123 dentur.

730 2141 888 2184 Domui
923 2139 989 2183 sni
1021 2140 1198 2185 Ordinis
1218 2156 1349 2199 quain
1375 2141 1569 2185 l'tiiul'avit
1602 2142 1722 2197 larga
1752 2139 1876 2185 dedit
1909 2140 2026 2182 Deus
2059 2139 2122 2182 in·

608 2210 827 2245 crementa
847 2235 857 2252 ‚
886 2210 929 2245 et
963 2203 1296 2259 quamplurimis
1331 2202 1591 2245 monialibus
1625 2201 1783 2259 pietate
1816 2209 1860 2244 et
1891 2199 1981 2243 zclo
2013 2200 2119 2242 eini-

608 2270 761 2305 ncnter
794 2263 1003 2320 praeditis
1036 2262 1193 2306 referta
1227 2271 1304 2305 est..
1328 2262 1560 2320 Disciplina
1596 2271 1683 2306 tam
1717 2262 1957 2305 litterarum
1992 2275 2123 2318 quam

608 2322 817 2365 virtutum
841 2340 927 2382 qua
953 2323 1328 2367 numerosissimae
1358 2323 1527 2381 puellae
1557 2323 1600 2366 in
1632 2339 1685 2366 ea
1718 2321 1969 2365 informatae
2003 2329 2118 2372 sunt,

608 2383 745 2426 multo
778 2383 855 2426 suit
888 2384 1143 2428 adiumento
1176 2384 1228 2428 ad
1262 2383 1518 2427 servandam
1557 2392 1600 2427 et
1632 2382 1875 2441 augendam
1920 2381 2050 2425 fidem
2084 2390 2125 2424 et

608 2444 745 2487 bonos
779 2459 919 2488 mores
954 2444 996 2488 in
1031 2453 1174 2489 nostra
1225 2444 1428 2503 regionez
1478 2453 1743 2503 quapropter
1788 2442 1952 2503 ubique
1986 2441 2127 2485 laudis

609 2503 739 2563 digna
772 2504 975 2549 liabetur.

731 2567 801 2609 Est
833 2566 1036 2610 omnibus
1069 2567 1110 2611 in
1145 2566 1255 2610 votis
1290 2575 1336 2610 ut
1370 2565 1560 2610 Ancillae
1594 2564 1787 2616 Domini,
1809 2580 1927 2623 quae
1958 2563 2047 2622 ipsa
2082 2572 2124 2607 et

609 2624 729 2669 euius
759 2628 900 2685 proles
936 2636 1019 2670 tam
1044 2628 1158 2671 bone
1183 2628 1365 2672 meritae
1384 2635 1483 2670 sunt
1508 2634 1685 2684 propter
1710 2624 2123 2685 praestantissimum

608 2687 772 2730 bonum
795 2690 909 2745 quod
944 2697 1039 2731 sunt
1065 2697 1284 2747 operatae,
1308 2704 1432 2733 causa
1456 2686 1784 2731 beatificationis
1807 2684 2123 2729 introducatur.

733 2749 882 2792 Nullus
898 2765 953 2792 ex
971 2750 1175 2794 Canadae
1198 2749 1345 2793 incolis
1368 2750 1550 2792 honores
1567 2747 1911 2792 canonizationis
1929 2746 1994 2790 vel
2020 2747 2125 2788 Bea-

610 2806 851 2853 tilicationis
875 2811 1081 2854 hactenus
1104 2810 1289 2868 adeptus
1314 2818 1404 2861 est;
1431 2809 1588 2853 nullius
1614 2809 1776 2860 Sancti,
1797 2808 1866 2852 eui
1889 2807 2027 2851 cultus
2052 2821 2127 2863 pu·

610 2868 747 2914 blicus
771 2871 827 2915 ab
851 2871 1033 2916 Ecclesia
1056 2872 1255 2916 decretus
1278 2871 1442 2923 suisset,
1465 2870 1657 2916 tumulus
1676 2871 1746 2929 pie
1770 2870 2089 2929 frequentatur.
