2760 3568
478 798 584 842 249.

482 2553 560 2598 224
579 2586 588 2595 .

2009 244 2096 288 449

606 316 695 358 inas
729 321 890 357 constet
925 313 979 357 de
1014 314 1242 357 virtutibus
1278 315 1318 357 in
1342 315 1478 373 gradu
1511 316 1696 368 heroico,
1724 325 1761 359 ct
1788 317 1843 360 de
1862 318 2099 363 innocentia

606 375 718 417 vitae
762 375 881 419 Servi
918 374 1014 418 Dei.
1053 374 1286 417 Comitatus
1319 377 1481 435 quippe
1516 377 1718 420 virtutum
1765 378 1991 435 patefacit,
2030 394 2100 423 eas

605 451 687 478 non
724 433 847 478 fuisse
884 443 1046 477 tantum
1083 434 1255 478 collatas
1291 435 1331 478 in
1367 437 1592 481 utilitatem
1630 439 1828 487 aliorum,
1855 438 1927 481 sed
1965 438 2004 480 in
2044 448 2101 482 tc-

601 494 848 538 stimonium
900 495 1027 537 etiam
1078 494 1312 538 sanctitatis
1370 497 1572 553 praedicti
1622 499 1740 542 Servi
1798 499 1879 541 Dei
1913 498 1985 556 qui
2021 499 2101 543 iltis

602 555 821 613 praeditus
845 555 919 598 suit
945 582 973 589 —
990 556 1039 597 Et
1065 555 1235 598 merito:
1254 557 1314 599 uti
1334 557 1448 599 enim
1467 558 1684 615 sapiente!
1701 559 1902 603 observat
1924 562 1966 602 S.
1995 559 2102 603 Lau-

602 616 762 659 rentius
796 615 1018 658 iustiniani
1055 614 1132 658 tib.
1171 615 1223 658 de
1256 626 1369 660 casto
1403 619 1629 660 Connubio
1664 620 1810 670 Verbi,
1849 628 1887 662 ct
1925 619 2098 663 animae

602 693 694 735 οι.ιρ
737 676 1037 734 44413ιό.ἓὸ
1070 700 1098 707 -
1132 676 1211 718 .·1)(1
1246 677 1370 719 {unici
1408 686 1627 735 Ιιιιιιιιμιιιη
1665 679 1983 736 peisttectioies,
1980 680 2100 723 icuti

604 737 804 780 uberiore
837 737 1057 794 replentur
1080 736 1229 793 gratia,
1258 736 1315 780 ita
1335 737 1572 794 potioribus
1606 739 1742 782 ornati
1787 748 1884 781 sunt
1906 740 2047 783 donis.
2073 768 2101 776 -

620 797 789 853 Quibus
823 797 1045 854 praeiactis
1072 831 1081 847 ‚
1119 812 1215 840 cum
1251 798 1382 840 multa
1418 798 1500 841 iam
1536 799 1646 843 dieta
1695 800 1777 842 sint
1817 799 1872 841 de
1921 799 2099 844 heroicis

602 860 760 902 Sei-vae
794 859 870 901 nei
908 857 1177 907 vii-iniibus,
1218 859 1258 900 in
1296 858 1633 915 praesentiarum
1682 868 1811 902 restat
1846 859 2101 917 investigan-

603 918 706 961 dum
746 934 844 960 num
870 918 1158 975 Omnipotens
1180 917 1303 960 donis
1327 919 1564 962 istiusmodi
1582 920 1980 977 supernaturalibus
2002 921 2101 964 Ser-

602 994 677 1022 vae
712 981 824 1022 Suae
856 979 1133 1023 Sanctitatem
1169 978 1423 1022 confirmare
1459 980 1655 1023 voluerit.
1685 981 1842 1024 Dchoc
1877 996 1977 1023 vero
1998 996 2102 1023 non-

605 1039 678 1083 nisi
715 1039 786 1082 1110ι
818 1039 1001 1083 dubium
1052 1054 1224 1082 movere
1277 1048 1429 1097 posset,
1467 1040 1539 1098 qui
1591 1041 1880 1085 Summarium
1932 1041 2101 1097 penitus

603 1099 874 1157 ignoraverit.
915 1099 1032 1142 idem
1070 1115 1257 1157 {unaque
1291 1100 1452 1143 eisdem
1482 1101 1679 1158 supernis
1715 1101 2044 1145 charismatibus
2078 1117 2101 1145 a

603 1162 692 1203 Deo
728 1161 883 1204 Sei-vae
918 1162 1031 1203 Suae
1066 1161 1238 1218 iargiter
1260 1161 1466 1204 concessis
1484 1161 1751 1219 superfluens
1781 1161 2102 1219 quodammodo

600 1220 678 1264 dici
716 1229 869 1278 potest.
909 1221 1015 1264 Hinc
1048 1222 1140 1264 licet
1178 1221 1333 1279 possim
1370 1222 1426 1264 ab
1462 1222 1511 1264 iis
1560 1221 1826 1279 proferendis
1860 1236 1929 1265 me
1972 1222 2104 1265 absti-

600 1296 734 1331 nere,
773 1290 960 1325 attamen
1007 1283 1065 1325 uti
1113 1282 1240 1324 moris
1273 1290 1335 1325 est
1381 1281 1584 1325 nonnulla
1619 1297 1672 1324 ex
1706 1283 1752 1325 iis
1787 1282 2037 1340 producam.

574 1374 583 1383 .
623 1343 670 1384 Et
706 1342 845 1400 primo
879 1342 1056 1400 quidem
1093 1342 1282 1385 dubitari
1318 1358 1400 1385 non
1440 1351 1575 1400 potest
1608 1344 1725 1400 quod
1770 1342 1931 1386 Eadem
1965 1345 2102 1387 Serva

602 1403 682 1445 Dei
716 1403 969 1460 prophetico
1003 1402 1155 1461 spiritu
1191 1402 1323 1445 ditata
1359 1403 1484 1445 suerit
1519 1404 1583 1446 vel
1619 1404 1675 1446 ab
1699 1403 2001 1447 adolescentia.
2030 1403 2101 1446 Ad

600 1464 770 1521 nuptias
803 1463 1013 1521 siquidem
1050 1471 1275 1521 pal-cutum
1313 1463 1529 1506 voluntate
1562 1464 1712 1506 adacta
1753 1464 1825 1507 tati
1867 1464 1994 1507 modo
2030 1480 2103 1522 ge-

606 1523 799 1568 nitricem
852 1533 914 1566 est
979 1523 1158 1566 ailocuta
1199 1531 1244 1565 ut
1299 1522 1406 1581 quid
1458 1523 1539 1565 sibi
1576 1524 1616 1566 in
1657 1524 1932 1567 matrimonio
1980 1539 2106 1567 even-

602 1592 745 1627 turum
800 1593 907 1627 esset
960 1599 1004 1626 se
1058 1592 1158 1627 ante
1209 1583 1316 1627 scire
1380 1599 1464 1627 non
1520 1584 1699 1627 obscure
1747 1583 2101 1628 manifestaverit.

602 1644 649 1687 Id
667 1653 831 1688 constat
847 1644 1103 1689 auctoritate
1125 1644 1296 1687 Testis!
1320 1660 1429 1702 quae
1454 1643 1643 1702 (Summ.
1672 1660 1790 1688 num.
1818 1646 1871 1687 111
1905 1660 2000 1703 pag.
2035 1645 2103 1704 8.)

601 1705 701 1749 hacc
724 1706 869 1748 refert.
897 1727 913 1744 «
936 1705 981 1751 Si
1015 1706 1037 1747 c
1072 1705 1223 1748 indotti
1259 1720 1282 1749 a
1316 1705 1505 1757 eredere,
1528 1705 1603 1748 che
1638 1706 1720 1749 Dio
1753 1707 1791 1749 le
1826 1720 1970 1749 avesse
2003 1705 2105 1749 data

608 1786 623 1803 »
651 1766 896 1823 cognizione
931 1766 976 1810 di
1010 1766 1073 1809 cio
1107 1767 1185 1810 che
1216 1766 1384 1810 doveva
1417 1766 1635 1818 avvenire;
1675 1766 1822 1824 poiche
1859 1766 2056 1809 venendo
2081 1783 2105 1810 a

608 1847 622 1864 »
651 1843 802 1885 sapere
836 1827 872 1870 Ιιι
906 1827 1271 1871 determinazione
1306 1828 1408 1871 satta
1442 1827 1513 1871 dai
1547 1828 1638 1871 suoi
1661 1827 1846 1885 genitori
1869 1826 1913 1870 di
1938 1827 2099 1870 volerla

610 1909 625 1926 n
654 1888 866 1938 maritare,
904 1887 996 1931 Ella
1029 1888 1139 1932 disse
1176 1888 1256 1931 alla
1288 1904 1363 1932 sua
1396 1888 1545 1932 madre
1576 1916 1604 1923 -
1638 1890 1681 1931 lo
1716 1888 1771 1931 mi
1795 1887 1923 1931 eredo
1953 1895 2104 1931 tenuta

613 1969 628 1986 »
656 1948 711 1992 ad
745 1949 973 1999 obhedire‚
1002 1964 1071 1992 ma
1105 1964 1151 1991 se
1184 1948 1307 1992 tddio
1344 1949 1399 1991 ini
1433 1949 1620 1993 concede
1656 1949 1694 1991 Ιιι
1726 1949 1863 2007 grazia
1888 1948 1931 1990 di
1961 1948 2103 1991 darmi

611 2029 625 2047 ι»
654 2025 710 2053 un
746 2009 876 2067 figito,
916 2010 956 2052 io
992 2009 1047 2066 gli
1084 2019 1298 2067 prmnetto
1332 2009 1375 2052 di
1407 2009 1625 2053 dedicarlo
1660 2009 1697 2051 ιι1
1731 2025 1805 2053 suo
1840 2008 2050 2066 servigi0‚
2079 2024 2103 2051 e

611 2091 627 2108 »
655 2086 696 2113 se
732 2071 774 2113 in
808 2070 974 2128 seguito
1010 2070 1065 2112 mi
1100 2070 1236 2113 rende
1271 2070 1407 2113 libera
1442 2070 1480 2112 io
1518 2070 1575 2127 gli
1630 2077 1843 2127 piometto
1897 2069 1941 2113 di
1980 2068 2105 2112 dedi-

609 2151 624 2167 »
652 2131 782 2188 cai-gii
819 2147 884 2174 me
919 2139 1063 2173 stessa.
1110 2151 1124 2167 »
1166 2131 1407 2188 Utrumque
1443 2146 1571 2187 porro
1605 2130 1806 2173 amussim
1837 2129 2012 2186 contigit
2037 2129 2100 2172 uti

605 2190 735 2234 Serva
771 2191 850 2233 Dei
883 2192 1049 2235 dixerat
1086 2224 1095 2240 ,
1145 2192 1239 2233 licet
1294 2199 1527 2247 utrumque.
1573 2199 1615 2232 et
1649 2190 1880 2248 praecipue
1919 2191 2105 2233 alterum

602 2252 757 2294 scilicet
792 2251 868 2293 viri
904 2252 1031 2294 funus
1062 2260 1169 2292 esset
1207 2266 1324 2292 mere
1357 2251 1622 2308 contingens,
1651 2265 1728 2293 nec
1763 2250 1970 2293 unimode
2006 2266 2102 2308 pro-

606 2312 764 2361 habite,
789 2310 1038 2368 praesertim
1072 2310 1236 2353 ratione
1271 2311 1416 2354 habita
1452 2311 1506 2354 ad
1542 2319 1728 2354 aetatam
1750 2327 1859 2369 quae
1897 2311 1987 2354 iicet
2015 2327 2100 2354 non

601 2380 759 2415 constet
797 2388 846 2415 ex
881 2371 1058 2415 testibus
1101 2380 1232 2429 quota
1266 2371 1420 2421 suerit,
1459 2372 1613 2414 florens
1648 2380 1790 2415 tamen
1826 2388 1917 2416 esse
1951 2372 2105 2415 debuit

604 2432 958 2492 (piandoquidem
994 2432 1082 2475 eius
1131 2432 1300 2489 genitor
1353 2432 1602 2491 quindecim
1659 2442 1816 2490 post-,a
1851 2432 1931 2475 11111
1985 2433 2106 2475 obitu

604 2509 737 2536 annos
774 2494 858 2537 vita
890 2494 1057 2537 functus
1090 2501 1170 2536 est.

628 2554 881 2613 Prophetiae
914 2569 1087 2613 quoque
1121 2553 1274 2610 spiritu
1310 2553 1508 2611 praedita
1531 2553 1732 2611 apparuit
1764 2555 1896 2599 Serva
1930 2554 2010 2597 Dei
2040 2569 2105 2596 re-

608 2616 689 2659 late
722 2614 780 2658 ad
814 2631 930 2659 suam
966 2615 1022 2657 ad
1057 2613 1288 2671 Regionem
1323 2614 1621 2658 Canadensein
1664 2615 1948 2665 vocationem,
1975 2614 2107 2673 idque

606 2677 712 2719 mira
749 2676 909 2719 visione
961 2676 1004 2718 in
1056 2691 1141 2733 qua
1189 2675 1340 2718 eadem
1392 2675 1508 2733 regio
1547 2675 1682 2718 suerat
1716 2675 1796 2733 lpsi
1851 2683 2100 2718 monstrata.

609 2740 713 2781 Rem
749 2738 808 2779 ita
844 2745 985 2781 narrat
1020 2736 1158 2779 Testis
1193 2738 1248 2779 X.
1287 2736 1474 2794 (Sumni.
1504 2751 1623 2779 num.
1651 2737 1724 2779 lv.
1746 2751 1842 2794 pag.
1870 2737 1967 2795 40.)
2001 2757 2015 2774 «ι
2045 2737 2109 2778 Fu

615 2819 630 2836 ι»
658 2807 862 2841 mostrato
897 2798 975 2842 atta
1011 2798 1140 2841 Serva
1177 2797 1218 2840 di
1254 2797 1335 2840 Dio
1370 2812 1424 2840 un
1465 2804 1584 2840 vasto
1639 2812 1767 2855 paese
1819 2796 2039 2855 seivaggio
2085 2795 2113 2838 11

616 2880 631 2896 ›-
660 2860 725 2902 cui
759 2875 921 2903 accesso
956 2874 1027 2902 era
1061 2866 1390 2901 estremamente
1423 2857 1609 2907 difficile,
1646 2873 1669 2900 e
1704 2857 1813 2900 dove
1847 2873 1939 2902 essa
1973 2871 2115 2901 venne
