2632 3584
877 260 1100 296 nrtsroms
1131 262 1485 295 Posrumromm.
1871 253 1930 299 67

441 331 576 392 plum.
614 333 743 377 Cuius
776 335 893 379 enim
924 350 1022 380 eum
1056 337 1149 379 Deo
1182 351 1351 394 semper
1383 335 1531 379 animo
1564 335 1820 381 coniunctae
1854 337 1940 396 pie·

440 402 516 446 tas,
545 394 994 447 liumilitas,cl1aritas‚
1017 396 1058 439 in
1091 395 1370 440 sublevandis
1401 395 1587 454 proximi
1623 396 1946 445 infirmitatibus

438 462 480 497 et
511 455 695 499 miseriis
716 488 726 506 ‚
765 456 1046 500 mansuetudo
1067 490 1077 506 ‚
1115 456 1367 500 inexhausta
1406 457 1612 513 patientia
1646 457 1755 501 adeo
1789 458 1942 504 illuxe-

438 523 540 558 runt
574 522 643 567 ut,
681 515 841 575 ubique
873 517 1104 561 sanctitatis
1137 517 1249 560 [aina
1283 517 1650 574 percrebescente,
1686 518 1944 563 adveniente

437 574 508 618 die
542 576 601 619 30
633 576 792 634 Aprilis
825 576 961 627 41272,
996 593 1083 636 quo
1117 577 1306 621 animam
1339 576 1526 628 efflavit,
1564 586 1781 636 tamquam
1818 580 1943 624 beata

436 635 494 677 ab
526 636 733 679 omnibus
766 637 1013 681 haberetur.

560 695 667 739 Inde
700 696 856 740 factum
893 707 957 742 est
991 707 1050 750 ut,
1080 713 1215 755 usque
1249 711 1361 741 nnnc
1395 695 1558 755 populo
1581 696 1797 757 cleroque,
1826 708 1868 744 et
1901 700 1943 745 in

439 755 587 813 primis
619 757 768 801 domui
802 758 946 802 adhuc
980 760 1189 802 virtutum
1237 758 1371 802 odore
1417 758 1637 815 fragranti,
1678 760 1864 804 maxime
1897 762 1940 804 in

439 817 714 860 veneratione
756 817 898 862 suerit..
950 820 1120 875 Quanta
1168 819 1282 862 enim
1332 818 1561 861 devotione
1597 821 1940 865 sanctimoniales

438 877 531 919 eius
567 888 841 934 perseverent
875 879 917 923 in
952 879 1178 923 christiana
1201 879 1455 923 educatione
1478 879 1620 936 pueris
1644 878 1842 924 foeminei
1876 897 1939 924 se-

437 951 516 980 xus
549 939 821 994 praestanda:
849 949 890 983 et
913 948 1121 998 quantum
1156 939 1197 983 in
1231 940 1309 982 hoc
1347 938 1585 997 proficiant,
1612 955 1703 983 esse
1735 940 1850 984 dictu
1885 941 1942 985 sa-

437 996 516 1039 cile
550 997 664 1040 haud
697 999 990 1043 sustinuerim.
1035 1002 1140 1044 Nam
1176 999 1257 1043 illis
1288 1015 1311 1042 a
1346 999 1617 1043 nobilissimis
1650 1007 1692 1042 et
1725 1000 1944 1045 ornatissi-

436 1056 516 1100 mis
552 1057 721 1101 l'amiliis
742 1059 1037 1103 demandatur
1057 1076 1158 1104 cura
1180 1060 1236 1104 de
1261 1059 1542 1103 informandis
1578 1060 1744 1117 puellis,
1773 1061 1815 1103 in
1850 1077 1941 1105 mo·

436 1118 619 1160 nasterio
652 1118 768 1176 quod
802 1121 884 1163 sibi
920 1136 1002 1163 non
1027 1120 1157 1164 modo
1180 1119 1444 1177 antiquitatis
1469 1119 1708 1162 remotioris
1742 1121 1781 1163 in
1816 1121 1943 1166 haece

437 1179 609 1234 regione
633 1179 864 1236 primatum
891 1180 1090 1231 vindicat,
1112 1179 1188 1224 sed
1211 1180 1327 1238 quod
1350 1180 1478 1222 etiam
1504 1179 1633 1223 nullis
1665 1179 1758 1223 aliis
1790 1182 1941 1226 saneti-

453 1238 690 1281 aonialium
725 1241 1126 1297 congregationibus
1157 1241 1419 1284 successibus
1451 1240 1580 1283 cedit.

557 1300 702 1353 Quum
738 1302 883 1358 insnpev
947 1317 1098 1345 novem
1129 1301 1256 1344 annis
1290 1299 1549 1358 praefuerim
1582 1315 1662 1358 ego
1696 1299 1785 1358 ipse
1817 1301 1943 1345 Scho-

438 1356 501 1400 lae
533 1358 672 1403 dictae
704 1361 894 1412 Normali
931 1364 972 1404 in
1004 1362 1176 1405 civitate
1208 1360 1477 1416 Quebeeensi
1500 1368 1684 1411 erectae,
1708 1361 1814 1404 mihi
1848 1377 1944 1405 con-

437 1418 529 1475 tigit
562 1426 609 1461 ut
642 1419 682 1462 in
717 1420 929 1479 frequenti
957 1437 1031 1465 usu
1055 1431 1097 1465 et
1127 1421 1450 1465 conversatione
1477 1435 1669 1464 versarer
1694 1437 1788 1464 cum
1815 1421 1939 1465 liuius

434 1478 821 1524 sanctimonialium
855 1481 1044 1526 familiae
1078 1482 1345 1540 praepositis,
1361 1496 1474 1539 quae
1496 1480 1577 1524 sibi
1602 1496 1757 1524 {nunus
1780 1481 1936 1525 adiun-

435 1548 594 1583 xerunt
627 1540 901 1586 institutrices
952 1558 1029 1600 pro
1075 1558 1310 1601 puerorum
1357 1540 1612 1585 educatione
1656 1541 1934 1586 informandi.

435 1598 603 1653 Quanta
637 1609 781 1645 autem
814 1603 1039 1660 splendeat
1079 1605 1268 1660 ipsarum
1309 1602 1480 1659 regulae
1513 1599 1698 1644 fidelitas
1729 1610 1770 1644 et
1803 1603 1937 1652 zetus,

434 1659 539 1702 milii
571 1675 743 1719 semper
775 1663 883 1705 adeo
919 1663 960 1706 in
995 1663 1280 1707 admiratione
1315 1661 1414 1712 fnit,
1454 1669 1500 1704 ut
1533 1660 1690 1704 merito
1722 1661 1806 1706 diei
1842 1677 1938 1719 pos·

434 1718 487 1761 sit
507 1718 705 1777 spiritum
729 1723 871 1767 Matris
895 1723 1049 1767 Mariae
1072 1724 1126 1767 u'e
1150 1723 1444 1766 lncarnationc
1468 1720 1606 1765 adhuc
1640 1721 1681 1765 in
1715 1721 1942 1778 primaeva

435 1780 635 1836 puritate,
664 1782 705 1825 in
740 1782 817 1828 hac
848 1784 1179 1842 congregatione
1212 1782 1334 1842 quasi
1369 1790 1675 1839 permanenter
1708 1782 1872 1839 vigere.

554 1841 670 1896 Quid
703 1845 819 1901 quod
854 1844 1097 1888 laudandae
1124 1844 1281 1887 Mariae
1303 1842 1357 1886 de
1382 1842 1679 1885 incarnatione
1710 1841 1939 1886 sanctimo-

435 1899 566 1944 niales
600 1902 896 1963 maximopere
919 1913 1194 1951 venerentur.
1211 1903 1335 1947 simul
1360 1913 1402 1946 et
1423 1901 1654 1945 dilectione
1676 1917 1942 1960 prosequan-

434 1968 502 2003 tur
533 1961 768 2019 piissimam
802 1965 1115 2016 institutricem,
1152 1964 1272 2008 euius
1315 1962 1520 2006 memoria
1555 1962 1596 2005 in
1630 1962 1935 2006 benedictione

433 2029 567 2065 exstat
598 2025 711 2081 apud
734 2041 883 2069 omnes
915 2025 1129 2070 societatis
1160 2024 1297 2069 civilis
1329 2025 1498 2067 classes.
1518 2023 1571 2066 Ut
1594 2022 1676 2066 fert
1696 2023 1811 2066 enim
1835 2038 1938 2081 qno-

434 2079 619 2126 tidianus
652 2099 780 2137 usus,
821 2094 986 2130 sanctas
1019 2086 1109 2129 illas
1158 2085 1358 2128 mulieres
1408 2090 1557 2141 rogant
1591 2083 1749 2126 infirmi
1783 2097 1939 2142 aquam

433 2141 573 2185 adhue
604 2158 656 2186 ex
693 2146 918 2203 sepulchro
954 2145 1032 2189 Dei
1077 2145 1260 2189 famulae
1299 2151 1544 2187 manantem
1566 2177 1576 2194 ,
1619 2144 1737 2187 cuius
1771 2158 1855 2200 ope
1885 2143 1941 2187 ab

433 2200 753 2248 infirmitatibus
796 2215 1028 2258 sanentur,
1065 2206 1133 2249 vel
1184 2205 1371 2263 aliquam
1408 2203 1570 2247 ordinis
1602 2204 1941 2261 supernaturalis

430 2262 613 2318 gratiam
647 2263 893 2323 impetrent.
915 2266 986 2310 Ad
1009 2267 1110 2309 haec·
1135 2265 1410 2308 novendiales
1431 2278 1543 2322 quae
1576 2273 1676 2306 ante
1710 2263 1801 2306 cius
1838 2264 1938 2307 ima-

433 2321 551 2377 gines
585 2322 626 2365 in
660 2324 1078 2370 familiis'catliolieis
1115 2334 1395 2383 ¹eraffiuntur:
1434 2339 1615 2382 (μιιινιιιῐι
1660 2323 1758 2366 fidei
1792 2332 1835 2366 et
1865 2325 1938 2367 de-

435 2383 591 2426 votioni
630 2400 765 2444 usque
798 2387 907 2431 adeo
941 2389 1083 2430 favere
1120 2389 1233 2429 Deus
1269 2384 1453 2435 videtur,
1476 2393 1518 2428 ut
1553 2383 1820 2433 innumeras,
1850 2392 1939 2427 tum

431 2444 636 2501 eorporis,
659 2453 748 2489 tum
773 2447 944 2490 animae
972 2447 1144 2506 gratias,
1166 2446 1281 2490 hisce
1314 2445 1514 2504 precibus
1547 2444 1813 2502 indulgendo
1851 2459 1941 2502 per-

430 2517 558 2560 saepe
593 2503 881 2564 impertiatur.

552 2565 807 2611 Persuasum
832 2568 962 2625 igitur
985 2567 1122 2611 liabeo
1145 2566 1233 2610 lore
1258 2574 1317 2617 ut,
1338 2567 1371 2610 si
1395 2564 1655 2609 concedatur
1679 2564 1937 2609 introduct-io

430 2635 579 2668 causae
603 2625 655 2668 de
679 2627 965 2673 beatificanda
989 2628 1198 2686 stupenda
1233 2627 1303 2670 illa
1337 2627 1415 2670 Dei
1450 2627 1625 2677 famula,
1648 2627 1796 2670 Vestra
1832 2626 1935 2668 Bea-

432 2683 571 2728 titudo
607 2688 679 2730 toti
716 2688 902 2745 regionis
935 2689 1197 2732 Canadensis
1243 2688 1402 2746 populo
1436 2687 1659 2738 catholico,
1704 2685 1927 2729 infandum

429 2745 635 2845 {audium
671 2750 816 2806 procul
850 2750 987 2793 dubio
1021 2751 1204 2793 all'erret.
1240 2748 1351 2803 Quin
1387 2748 1540 2798 etiam,
1575 2747 1810 2790 multorum
1847 2746 1933 2789 lide

448 2814 615 2859 mnata,
644 2809 804 2866 pietate
838 2811 974 2868 magis
1008 2811 1047 2852 in
1082 2809 1174 2853 dies
1207 2809 1421 2867 explicita,
1456 2807 1725 2866 adauctaque
1760 2806 1933 2857 fidncia,

434 2866 629 2911 universa
654 2878 795 2913 nostra
830 2870 963 2928 Regio
987 2871 1181 2913 voamm
1208 2868 1525 2913 Beatitudinem
1554 2866 1933 2911 benedictionibus

431 2927 662 2972 cumularet
697 2930 814 2989 quod
847 2931 927 2975 sibi
964 2939 1075 2974 tanta
1108 2931 1340 2974 consolatio
1372 2938 1416 2974 et
1449 2936 1589 2972 tantus
1624 2929 1760 2972 lionor
1790 2927 1933 2973 conle-
