<?xml version="1.0" encoding="UTF-8"?>
<!DOCTYPE html PUBLIC "-//W3C//DTD XHTML 1.0 Transitional//EN"
    "http://www.w3.org/TR/xhtml1/DTD/xhtml1-transitional.dtd">
<html xmlns="http://www.w3.org/1999/xhtml" xml:lang="en" lang="en">
 <head>
  <title>
</title>
<meta http-equiv="Content-Type" content="text/html;charset=utf-8" />
  <meta name='ocr-system' content='tesseract 3.04.00' />
  <meta name='ocr-capabilities' content='ocr_page ocr_carea ocr_par ocr_line ocrx_word'/>
</head>
<body>
  <div class='ocr_page' id='page_1' title='image "./cihm_27111_0524.png"; bbox 0 0 2632 3568; ppageno 0'>
   <div class='ocr_carea' id='block_1_1' title="bbox 502 252 2037 2935">
    <p class='ocr_par' dir='ltr' id='par_1_1' title="bbox 509 252 2032 445">
     <span class='ocr_line' id='line_1_1' title="bbox 1976 252 2032 296; baseline 0 0"><span class='ocrx_word' id='word_1_1' title='bbox 1976 252 2032 296; x_wconf 67' lang='lat'><strong>43</strong></span> 
     </span>
     <span class='ocr_line' id='line_1_2' title="bbox 509 322 2030 382; baseline -0.002 -9"><span class='ocrx_word' id='word_1_2' title='bbox 509 328 592 373; x_wconf 86' lang='lat' dir='ltr'><strong>illis</strong></span> <span class='ocrx_word' id='word_1_3' title='bbox 616 325 775 370; x_wconf 83' lang='lat' dir='ltr'><strong>verbis:</strong></span> <span class='ocrx_word' id='word_1_4' title='bbox 798 347 810 364; x_wconf 67' lang='lat' dir='ltr'>e</span> <span class='ocrx_word' id='word_1_5' title='bbox 831 323 875 368; x_wconf 88' lang='lat' dir='ltr'><strong>di</strong></span> <span class='ocrx_word' id='word_1_6' title='bbox 901 338 999 368; x_wconf 83' lang='lat' dir='ltr'><strong>aver</strong></span> <span class='ocrx_word' id='word_1_7' title='bbox 1022 338 1192 381; x_wconf 80' lang='lat' dir='ltr'><strong>sempre</strong></span> <span class='ocrx_word' id='word_1_8' title='bbox 1217 323 1355 366; x_wconf 84' lang='lat' dir='ltr'><strong>inteso</strong></span> <span class='ocrx_word' id='word_1_9' title='bbox 1375 323 1541 382; x_wconf 83' lang='lat' dir='ltr'><strong>parlarc</strong></span> <span class='ocrx_word' id='word_1_10' title='bbox 1564 322 1677 367; x_wconf 88' lang='lat' dir='ltr'><strong>della</strong></span> <span class='ocrx_word' id='word_1_11' title='bbox 1700 325 1834 367; x_wconf 74' lang='lat' dir='ltr'><strong>Serva</strong></span> <span class='ocrx_word' id='word_1_12' title='bbox 1868 324 1911 368; x_wconf 93' lang='lat' dir='ltr'><strong>di</strong></span> <span class='ocrx_word' id='word_1_13' title='bbox 1950 326 2030 370; x_wconf 86' lang='lat' dir='ltr'><strong>Dio</strong></span> 
     </span>
     <span class='ocr_line' id='line_1_3' title="bbox 516 381 2027 445; baseline 0.001 -16"><span class='ocrx_word' id='word_1_14' title='bbox 516 411 530 429; x_wconf 66' lang='grc' dir='ltr'>ι</span> <span class='ocrx_word' id='word_1_15' title='bbox 560 403 681 433; x_wconf 89' lang='lat' dir='ltr'><strong>come</strong></span> <span class='ocrx_word' id='word_1_16' title='bbox 704 386 746 431; x_wconf 90' lang='lat' dir='ltr'><strong>di</strong></span> <span class='ocrx_word' id='word_1_17' title='bbox 771 401 855 430; x_wconf 84' lang='lat' dir='ltr'><strong>una</strong></span> <span class='ocrx_word' id='word_1_18' title='bbox 889 400 992 443; x_wconf 73' lang='lat' dir='ltr'><strong>gran</strong></span> <span class='ocrx_word' id='word_1_19' title='bbox 1027 386 1156 429; x_wconf 85' lang='lat' dir='ltr'><strong>Santa</strong></span> <span class='ocrx_word' id='word_1_20' title='bbox 1186 405 1202 423; x_wconf 73' lang='grc' dir='ltr'>ι</span> <span class='ocrx_word' id='word_1_21' title='bbox 1232 381 1420 441; x_wconf 68' lang='lat' dir='ltr'><strong>(Summ.</strong></span> <span class='ocrx_word' id='word_1_22' title='bbox 1448 399 1545 441; x_wconf 63' lang='lat' dir='ltr'><strong>pag.</strong></span> <span class='ocrx_word' id='word_1_23' title='bbox 1574 384 1663 427; x_wconf 69' lang='lat'><strong>499</strong></span> <span class='ocrx_word' id='word_1_24' title='bbox 1685 384 1713 442; x_wconf 69' lang='lat' dir='ltr'>S</span> <span class='ocrx_word' id='word_1_25' title='bbox 1736 385 1796 428; x_wconf 74' lang='lat'><strong>52</strong></span> <span class='ocrx_word' id='word_1_26' title='bbox 1819 392 1859 428; x_wconf 89' lang='lat' dir='ltr'><strong>et</strong></span> <span class='ocrx_word' id='word_1_27' title='bbox 1884 386 2027 445; x_wconf 89' lang='lat' dir='ltr'><strong>alibi).</strong></span> 
     </span>
    </p>

    <p class='ocr_par' dir='ltr' id='par_1_2' title="bbox 502 443 2037 2935">
     <span class='ocr_line' id='line_1_4' title="bbox 631 443 2032 505; baseline -0.002 -12"><span class='ocrx_word' id='word_1_28' title='bbox 631 449 707 493; x_wconf 73' lang='lat'><strong>74.</strong></span> <span class='ocrx_word' id='word_1_29' title='bbox 744 443 949 505; x_wconf 79' lang='lat' dir='ltr'><strong>Quisquis</strong></span> <span class='ocrx_word' id='word_1_30' title='bbox 983 452 1076 502; x_wconf 87' lang='lat' dir='ltr'><strong>post</strong></span> <span class='ocrx_word' id='word_1_31' title='bbox 1111 451 1346 487; x_wconf 89' lang='lat' dir='ltr'><strong>accuratam</strong></span> <span class='ocrx_word' id='word_1_32' title='bbox 1382 445 1613 488; x_wconf 86' lang='lat' dir='ltr'><strong>Summarii</strong></span> <span class='ocrx_word' id='word_1_33' title='bbox 1651 445 1876 490; x_wconf 85' lang='lat' dir='ltr'><strong>lectionem</strong></span> <span class='ocrx_word' id='word_1_34' title='bbox 1914 462 2032 505; x_wconf 86' lang='lat' dir='ltr'><strong>prae·</strong></span> 
     </span>
     <span class='ocr_line' id='line_1_5' title="bbox 509 504 2034 562; baseline -0.003 -7"><span class='ocrx_word' id='word_1_35' title='bbox 509 510 657 554; x_wconf 86' lang='lat' dir='ltr'><strong>sertim</strong></span> <span class='ocrx_word' id='word_1_36' title='bbox 694 509 737 552; x_wconf 86' lang='lat' dir='ltr'><strong>in</strong></span> <span class='ocrx_word' id='word_1_37' title='bbox 772 508 962 551; x_wconf 84' lang='lat' dir='ltr'><strong>Numero</strong></span> <span class='ocrx_word' id='word_1_38' title='bbox 996 505 1082 547; x_wconf 85' lang='grc' dir='ltr'><strong>ΧΧ</strong></span> <span class='ocrx_word' id='word_1_39' title='bbox 1115 504 1187 562; x_wconf 87' lang='lat' dir='ltr'><strong>qui</strong></span> <span class='ocrx_word' id='word_1_40' title='bbox 1226 512 1337 547; x_wconf 87' lang='lat' dir='ltr'><strong>totus</strong></span> <span class='ocrx_word' id='word_1_41' title='bbox 1359 512 1422 547; x_wconf 79' lang='lat' dir='ltr'><strong>est</strong></span> <span class='ocrx_word' id='word_1_42' title='bbox 1445 504 1500 547; x_wconf 87' lang='lat' dir='ltr'><strong>de</strong></span> <span class='ocrx_word' id='word_1_43' title='bbox 1523 506 1654 549; x_wconf 86' lang='lat' dir='ltr'><strong>Fama</strong></span> <span class='ocrx_word' id='word_1_44' title='bbox 1678 506 1920 551; x_wconf 86' lang='lat' dir='ltr'><strong>Sanctitatis</strong></span> <span class='ocrx_word' id='word_1_45' title='bbox 1939 508 2034 553; x_wconf 87' lang='lat' dir='ltr'><strong>Ser—</strong></span> 
     </span>
     <span class='ocr_line' id='line_1_6' title="bbox 511 564 2032 627; baseline -0.002 -11"><span class='ocrx_word' id='word_1_46' title='bbox 511 586 591 616; x_wconf 87' lang='lat' dir='ltr'><strong>vac</strong></span> <span class='ocrx_word' id='word_1_47' title='bbox 625 569 706 614; x_wconf 85' lang='lat' dir='ltr'><strong>Dei</strong></span> <span class='ocrx_word' id='word_1_48' title='bbox 744 575 837 625; x_wconf 88' lang='lat' dir='ltr'><strong>post</strong></span> <span class='ocrx_word' id='word_1_49' title='bbox 861 565 960 608; x_wconf 83' lang='lat' dir='ltr'><strong>Eius</strong></span> <span class='ocrx_word' id='word_1_50' title='bbox 981 564 1166 616; x_wconf 86' lang='lat' dir='ltr'><strong>obitum,</strong></span> <span class='ocrx_word' id='word_1_51' title='bbox 1190 573 1461 623; x_wconf 82' lang='lat' dir='ltr'><strong>praesentem</strong></span> <span class='ocrx_word' id='word_1_52' title='bbox 1483 565 1912 612; x_wconf 69' lang='lat' dir='ltr'><strong>Animadversionem</strong></span> <span class='ocrx_word' id='word_1_53' title='bbox 1936 584 2032 627; x_wconf 88' lang='lat' dir='ltr'><strong>per-</strong></span> 
     </span>
     <span class='ocr_line' id='line_1_7' title="bbox 508 625 2029 689; baseline -0.002 -13"><span class='ocrx_word' id='word_1_54' title='bbox 508 631 659 689; x_wconf 70' lang='lat' dir='ltr'><strong>legerit</strong></span> <span class='ocrx_word' id='word_1_55' title='bbox 693 643 778 672; x_wconf 93' lang='lat' dir='ltr'><strong>non</strong></span> <span class='ocrx_word' id='word_1_56' title='bbox 813 626 971 685; x_wconf 87' lang='lat' dir='ltr'><strong>poterit</strong></span> <span class='ocrx_word' id='word_1_57' title='bbox 1006 641 1090 669; x_wconf 90' lang='lat' dir='ltr'><strong>non</strong></span> <span class='ocrx_word' id='word_1_58' title='bbox 1126 625 1331 670; x_wconf 87' lang='lat' dir='ltr'><strong>admirari</strong></span> <span class='ocrx_word' id='word_1_59' title='bbox 1366 627 1628 682; x_wconf 67' lang='lat' dir='ltr'><strong>singutarem</strong></span> <span class='ocrx_word' id='word_1_60' title='bbox 1665 627 1908 673; x_wconf 81' lang='lat' dir='ltr'><strong>Adversarii</strong></span> <span class='ocrx_word' id='word_1_61' title='bbox 1945 645 2029 673; x_wconf 91' lang='lat' dir='ltr'><strong>no-</strong></span> 
     </span>
     <span class='ocr_line' id='line_1_8' title="bbox 505 686 2032 747; baseline -0.001 -11"><span class='ocrx_word' id='word_1_62' title='bbox 505 691 579 736; x_wconf 90' lang='lat' dir='ltr'><strong>stri</strong></span> <span class='ocrx_word' id='word_1_63' title='bbox 613 688 888 747; x_wconf 75' lang='lat' dir='ltr'><strong>sagacitatem</strong></span> <span class='ocrx_word' id='word_1_64' title='bbox 923 686 994 745; x_wconf 85' lang='lat' dir='ltr'><strong>qui</strong></span> <span class='ocrx_word' id='word_1_65' title='bbox 1030 686 1248 743; x_wconf 64' lang='lat' dir='ltr'><strong>‹lent-gare</strong></span> <span class='ocrx_word' id='word_1_66' title='bbox 1284 701 1365 729; x_wconf 85' lang='lat' dir='ltr'><strong>non</strong></span> <span class='ocrx_word' id='word_1_67' title='bbox 1404 687 1548 730; x_wconf 85' lang='lat' dir='ltr'><strong>valens</strong></span> <span class='ocrx_word' id='word_1_68' title='bbox 1571 688 1842 732; x_wconf 84' lang='lat' dir='ltr'><strong>existentiam</strong></span> <span class='ocrx_word' id='word_1_69' title='bbox 1867 690 2032 734; x_wconf 74' lang='lat' dir='ltr'><strong>Sancti-</strong></span> 
     </span>
     <span class='ocr_line' id='line_1_9' title="bbox 510 745 2034 809; baseline -0.001 -12"><span class='ocrx_word' id='word_1_70' title='bbox 510 753 559 797; x_wconf 82' lang='lat' dir='ltr'><strong>tis</strong></span> <span class='ocrx_word' id='word_1_71' title='bbox 594 745 754 795; x_wconf 84' lang='lat' dir='ltr'><strong>Famae</strong></span> <span class='ocrx_word' id='word_1_72' title='bbox 789 747 1005 807; x_wconf 82' lang='lat' dir='ltr'><strong>praelatae</strong></span> <span class='ocrx_word' id='word_1_73' title='bbox 1038 748 1198 791; x_wconf 79' lang='lat' dir='ltr'><strong>Set-vae</strong></span> <span class='ocrx_word' id='word_1_74' title='bbox 1237 747 1312 790; x_wconf 81' lang='lat' dir='ltr'><strong>Dei</strong></span> <span class='ocrx_word' id='word_1_75' title='bbox 1350 755 1498 805; x_wconf 88' lang='lat' dir='ltr'><strong>utpote</strong></span> <span class='ocrx_word' id='word_1_76' title='bbox 1530 764 1644 806; x_wconf 87' lang='lat' dir='ltr'><strong>quae</strong></span> <span class='ocrx_word' id='word_1_77' title='bbox 1679 749 1845 800; x_wconf 79' lang='lat' dir='ltr'><strong>validiS,</strong></span> <span class='ocrx_word' id='word_1_78' title='bbox 1867 758 1909 794; x_wconf 88' lang='lat' dir='ltr'><strong>et</strong></span> <span class='ocrx_word' id='word_1_79' title='bbox 1940 751 2034 809; x_wconf 91' lang='lat' dir='ltr'><strong>plu-</strong></span> 
     </span>
     <span class='ocr_line' id='line_1_10' title="bbox 506 808 2034 867; baseline -0.001 -10"><span class='ocrx_word' id='word_1_80' title='bbox 506 812 625 857; x_wconf 84' lang='lat' dir='ltr'><strong>rimis</strong></span> <span class='ocrx_word' id='word_1_81' title='bbox 660 808 929 867; x_wconf 69' lang='lat' dir='ltr'><strong>argumentis</strong></span> <span class='ocrx_word' id='word_1_82' title='bbox 961 823 1013 851; x_wconf 81' lang='lat' dir='ltr'><strong>ex</strong></span> <span class='ocrx_word' id='word_1_83' title='bbox 1048 808 1228 852; x_wconf 88' lang='lat' dir='ltr'><strong>testibus</strong></span> <span class='ocrx_word' id='word_1_84' title='bbox 1252 808 1351 851; x_wconf 80' lang='lat' dir='ltr'><strong>satis</strong></span> <span class='ocrx_word' id='word_1_85' title='bbox 1381 808 1557 852; x_wconf 89' lang='lat' dir='ltr'><strong>abunde</strong></span> <span class='ocrx_word' id='word_1_86' title='bbox 1580 808 1905 853; x_wconf 86' lang='lat' dir='ltr'><strong>demonstratur</strong></span> <span class='ocrx_word' id='word_1_87' title='bbox 1933 825 2034 855; x_wconf 89' lang='lat' dir='ltr'><strong>con-</strong></span> 
     </span>
     <span class='ocr_line' id='line_1_11' title="bbox 506 868 2027 928; baseline -0.002 -10"><span class='ocrx_word' id='word_1_88' title='bbox 506 881 638 924; x_wconf 82' lang='lat' dir='ltr'><strong>stans,</strong></span> <span class='ocrx_word' id='word_1_89' title='bbox 678 869 946 918; x_wconf 87' lang='lat' dir='ltr'><strong>universalis,</strong></span> <span class='ocrx_word' id='word_1_90' title='bbox 985 877 1026 912; x_wconf 89' lang='lat' dir='ltr'><strong>et</strong></span> <span class='ocrx_word' id='word_1_91' title='bbox 1060 869 1175 928; x_wconf 88' lang='lat' dir='ltr'><strong>quod</strong></span> <span class='ocrx_word' id='word_1_92' title='bbox 1215 868 1347 927; x_wconf 88' lang='lat' dir='ltr'><strong>pluris</strong></span> <span class='ocrx_word' id='word_1_93' title='bbox 1380 877 1442 911; x_wconf 88' lang='lat' dir='ltr'><strong>est</strong></span> <span class='ocrx_word' id='word_1_94' title='bbox 1479 885 1560 913; x_wconf 91' lang='lat' dir='ltr'><strong>non</strong></span> <span class='ocrx_word' id='word_1_95' title='bbox 1596 885 1645 913; x_wconf 85' lang='lat' dir='ltr'><strong>ex</strong></span> <span class='ocrx_word' id='word_1_96' title='bbox 1682 870 1796 927; x_wconf 68' lang='lat' dir='ltr'><strong>vulgi</strong></span> <span class='ocrx_word' id='word_1_97' title='bbox 1839 886 2027 924; x_wconf 88' lang='lat' dir='ltr'><strong>rumore,</strong></span> 
     </span>
     <span class='ocr_line' id='line_1_12' title="bbox 510 929 2033 987; baseline -0.003 -9"><span class='ocrx_word' id='word_1_98' title='bbox 510 933 584 978; x_wconf 76' lang='lat' dir='ltr'><strong>sed</strong></span> <span class='ocrx_word' id='word_1_99' title='bbox 619 949 670 976; x_wconf 86' lang='lat' dir='ltr'><strong>ex</strong></span> <span class='ocrx_word' id='word_1_100' title='bbox 706 930 885 975; x_wconf 73' lang='lat' dir='ltr'><strong>heroicis</strong></span> <span class='ocrx_word' id='word_1_101' title='bbox 920 929 1020 972; x_wconf 83' lang='lat' dir='ltr'><strong>Eius</strong></span> <span class='ocrx_word' id='word_1_102' title='bbox 1046 929 1295 979; x_wconf 83' lang='lat' dir='ltr'><strong>virtutibus,</strong></span> <span class='ocrx_word' id='word_1_103' title='bbox 1322 938 1363 973; x_wconf 88' lang='lat' dir='ltr'><strong>et</strong></span> <span class='ocrx_word' id='word_1_104' title='bbox 1386 931 1581 987; x_wconf 86' lang='lat' dir='ltr'><strong>supernis</strong></span> <span class='ocrx_word' id='word_1_105' title='bbox 1603 930 1932 974; x_wconf 69' lang='lat' dir='ltr'><strong>charismatibus</strong></span> <span class='ocrx_word' id='word_1_106' title='bbox 1957 932 2033 974; x_wconf 82' lang='lat' dir='ltr'><strong>de-</strong></span> 
     </span>
     <span class='ocr_line' id='line_1_13' title="bbox 508 990 2030 1050; baseline -0.001 -13"><span class='ocrx_word' id='word_1_107' title='bbox 508 995 672 1043; x_wconf 87' lang='lat' dir='ltr'><strong>rivata;</strong></span> <span class='ocrx_word' id='word_1_108' title='bbox 712 991 829 1050; x_wconf 90' lang='lat' dir='ltr'><strong>quod</strong></span> <span class='ocrx_word' id='word_1_109' title='bbox 868 1006 967 1033; x_wconf 90' lang='lat' dir='ltr'><strong>vero</strong></span> <span class='ocrx_word' id='word_1_110' title='bbox 1003 990 1241 1033; x_wconf 85' lang='lat' dir='ltr'><strong>maximum</strong></span> <span class='ocrx_word' id='word_1_111' title='bbox 1276 1000 1337 1033; x_wconf 90' lang='lat' dir='ltr'><strong>est</strong></span> <span class='ocrx_word' id='word_1_112' title='bbox 1362 998 1455 1048; x_wconf 88' lang='lat' dir='ltr'><strong>post</strong></span> <span class='ocrx_word' id='word_1_113' title='bbox 1480 991 1567 1035; x_wconf 89' lang='lat' dir='ltr'><strong>duo</strong></span> <span class='ocrx_word' id='word_1_114' title='bbox 1592 1000 1629 1034; x_wconf 88' lang='lat' dir='ltr'><strong>et</strong></span> <span class='ocrx_word' id='word_1_115' title='bbox 1658 992 1912 1049; x_wconf 82' lang='lat' dir='ltr'><strong>ampliusab</strong></span> <span class='ocrx_word' id='word_1_116' title='bbox 1933 993 2030 1036; x_wconf 78' lang='lat' dir='ltr'><strong>Eius</strong></span> 
     </span>
     <span class='ocr_line' id='line_1_14' title="bbox 507 1049 2035 1109; baseline -0.001 -12"><span class='ocrx_word' id='word_1_117' title='bbox 507 1055 628 1098; x_wconf 90' lang='lat' dir='ltr'><strong>obitu</strong></span> <span class='ocrx_word' id='word_1_118' title='bbox 663 1053 829 1096; x_wconf 85' lang='lat' dir='ltr'><strong>saecula</strong></span> <span class='ocrx_word' id='word_1_119' title='bbox 866 1049 1027 1093; x_wconf 89' lang='lat' dir='ltr'><strong>nedum</strong></span> <span class='ocrx_word' id='word_1_120' title='bbox 1064 1051 1308 1100; x_wconf 84' lang='lat' dir='ltr'><strong>imminuta,</strong></span> <span class='ocrx_word' id='word_1_121' title='bbox 1346 1060 1386 1094; x_wconf 87' lang='lat' dir='ltr'><strong>et</strong></span> <span class='ocrx_word' id='word_1_122' title='bbox 1420 1051 1668 1108; x_wconf 78' lang='lat' dir='ltr'><strong>elanguens,</strong></span> <span class='ocrx_word' id='word_1_123' title='bbox 1705 1052 1779 1096; x_wconf 88' lang='lat' dir='ltr'><strong>sed</strong></span> <span class='ocrx_word' id='word_1_124' title='bbox 1807 1054 1948 1109; x_wconf 88' lang='lat' dir='ltr'><strong>potius</strong></span> <span class='ocrx_word' id='word_1_125' title='bbox 1975 1054 2035 1096; x_wconf 89' lang='lat' dir='ltr'><strong>vi-</strong></span> 
     </span>
     <span class='ocr_line' id='line_1_15' title="bbox 506 1112 2034 1172; baseline 0 -14"><span class='ocrx_word' id='word_1_126' title='bbox 506 1114 647 1159; x_wconf 77' lang='lat' dir='ltr'><strong>vidior</strong></span> <span class='ocrx_word' id='word_1_127' title='bbox 684 1113 724 1156; x_wconf 90' lang='lat' dir='ltr'><strong>in</strong></span> <span class='ocrx_word' id='word_1_128' title='bbox 762 1112 849 1155; x_wconf 76' lang='lat' dir='ltr'><strong>(lies</strong></span> <span class='ocrx_word' id='word_1_129' title='bbox 885 1119 922 1153; x_wconf 88' lang='lat' dir='ltr'><strong>et</strong></span> <span class='ocrx_word' id='word_1_130' title='bbox 961 1119 1098 1156; x_wconf 84' lang='lat' dir='ltr'><strong>aucta.</strong></span> <span class='ocrx_word' id='word_1_131' title='bbox 1138 1126 1234 1155; x_wconf 91' lang='lat' dir='ltr'><strong>cum</strong></span> <span class='ocrx_word' id='word_1_132' title='bbox 1273 1112 1374 1154; x_wconf 83' lang='lat' dir='ltr'><strong>bace</strong></span> <span class='ocrx_word' id='word_1_133' title='bbox 1408 1112 1551 1156; x_wconf 86' lang='lat' dir='ltr'><strong>omnia</strong></span> <span class='ocrx_word' id='word_1_134' title='bbox 1586 1120 1629 1154; x_wconf 86' lang='lat' dir='ltr'><strong>et</strong></span> <span class='ocrx_word' id='word_1_135' title='bbox 1663 1112 1827 1169; x_wconf 70' lang='lat' dir='ltr'><strong>singula</strong></span> <span class='ocrx_word' id='word_1_136' title='bbox 1859 1113 2034 1172; x_wconf 85' lang='lat' dir='ltr'><strong>inquam</strong></span> 
     </span>
     <span class='ocr_line' id='line_1_16' title="bbox 510 1172 2035 1232; baseline -0.001 -13"><span class='ocrx_word' id='word_1_137' title='bbox 510 1191 596 1219; x_wconf 91' lang='lat' dir='ltr'><strong>non</strong></span> <span class='ocrx_word' id='word_1_138' title='bbox 632 1175 762 1232; x_wconf 87' lang='lat' dir='ltr'><strong>possit</strong></span> <span class='ocrx_word' id='word_1_139' title='bbox 795 1173 1026 1228; x_wconf 62' lang='lat' dir='ltr'><strong>denega-c,</strong></span> <span class='ocrx_word' id='word_1_140' title='bbox 1057 1188 1134 1214; x_wconf 86' lang='lat' dir='ltr'><strong>nee</strong></span> <span class='ocrx_word' id='word_1_141' title='bbox 1157 1172 1198 1215; x_wconf 91' lang='lat' dir='ltr'><strong>in</strong></span> <span class='ocrx_word' id='word_1_142' title='bbox 1223 1172 1406 1215; x_wconf 89' lang='lat' dir='ltr'><strong>dubium</strong></span> <span class='ocrx_word' id='word_1_143' title='bbox 1432 1172 1706 1230; x_wconf 84' lang='lat' dir='ltr'><strong>aliquatenus</strong></span> <span class='ocrx_word' id='word_1_144' title='bbox 1730 1188 1902 1223; x_wconf 83' lang='lat' dir='ltr'><strong>vocare,</strong></span> <span class='ocrx_word' id='word_1_145' title='bbox 1927 1175 2035 1232; x_wconf 87' lang='lat' dir='ltr'><strong>quid</strong></span> 
     </span>
     <span class='ocr_line' id='line_1_17' title="bbox 510 1232 2033 1284; baseline -0.004 -4"><span class='ocrx_word' id='word_1_146' title='bbox 510 1237 641 1280; x_wconf 63' lang='lat' dir='ltr'><strong>facit?</strong></span> <span class='ocrx_word' id='word_1_147' title='bbox 675 1234 790 1278; x_wconf 89' lang='lat' dir='ltr'><strong>omni</strong></span> <span class='ocrx_word' id='word_1_148' title='bbox 825 1232 966 1275; x_wconf 88' lang='lat' dir='ltr'><strong>studio</strong></span> <span class='ocrx_word' id='word_1_149' title='bbox 1000 1233 1217 1275; x_wconf 83' lang='lat' dir='ltr'><strong>contendit</strong></span> <span class='ocrx_word' id='word_1_150' title='bbox 1246 1232 1358 1276; x_wconf 79' lang='lat' dir='ltr'><strong>lllius</strong></span> <span class='ocrx_word' id='word_1_151' title='bbox 1383 1233 1570 1276; x_wconf 72' lang='lat' dir='ltr'><strong>vaniorem</strong></span> <span class='ocrx_word' id='word_1_152' title='bbox 1599 1233 1872 1284; x_wconf 83' lang='lat' dir='ltr'><strong>imminuere,</strong></span> <span class='ocrx_word' id='word_1_153' title='bbox 1901 1244 1942 1277; x_wconf 82' lang='lat' dir='ltr'><strong>ct</strong></span> <span class='ocrx_word' id='word_1_154' title='bbox 1968 1251 2033 1277; x_wconf 81' lang='lat' dir='ltr'><strong>ro-</strong></span> 
     </span>
     <span class='ocr_line' id='line_1_18' title="bbox 508 1292 2036 1354; baseline 0.001 -15"><span class='ocrx_word' id='word_1_155' title='bbox 508 1297 661 1339; x_wconf 88' lang='lat' dir='ltr'><strong>borem</strong></span> <span class='ocrx_word' id='word_1_156' title='bbox 698 1309 906 1338; x_wconf 82' lang='lat' dir='ltr'><strong>enervare</strong></span> <span class='ocrx_word' id='word_1_157' title='bbox 931 1293 1157 1336; x_wconf 76' lang='lat' dir='ltr'><strong>traducens</strong></span> <span class='ocrx_word' id='word_1_158' title='bbox 1192 1292 1356 1336; x_wconf 82' lang='lat' dir='ltr'><strong>ludices</strong></span> <span class='ocrx_word' id='word_1_159' title='bbox 1390 1293 1531 1338; x_wconf 89' lang='lat' dir='ltr'><strong>dictae</strong></span> <span class='ocrx_word' id='word_1_160' title='bbox 1558 1294 1707 1337; x_wconf 88' lang='lat' dir='ltr'><strong>tertiae</strong></span> <span class='ocrx_word' id='word_1_161' title='bbox 1732 1294 2036 1354; x_wconf 69' lang='lat' dir='ltr'><strong>inquisitiones</strong></span> 
     </span>
     <span class='ocr_line' id='line_1_19' title="bbox 508 1353 2035 1415; baseline 0.001 -15"><span class='ocrx_word' id='word_1_162' title='bbox 508 1356 641 1400; x_wconf 85' lang='lat' dir='ltr'><strong>veluti</strong></span> <span class='ocrx_word' id='word_1_163' title='bbox 679 1355 863 1415; x_wconf 87' lang='lat' dir='ltr'><strong>partium</strong></span> <span class='ocrx_word' id='word_1_164' title='bbox 889 1353 1031 1398; x_wconf 90' lang='lat' dir='ltr'><strong>studio</strong></span> <span class='ocrx_word' id='word_1_165' title='bbox 1051 1369 1151 1412; x_wconf 79' lang='lat' dir='ltr'><strong>erga</strong></span> <span class='ocrx_word' id='word_1_166' title='bbox 1177 1355 1255 1397; x_wconf 92' lang='lat' dir='ltr'><strong>l)ei</strong></span> <span class='ocrx_word' id='word_1_167' title='bbox 1280 1355 1503 1398; x_wconf 83' lang='lat' dir='ltr'><strong>Famulam</strong></span> <span class='ocrx_word' id='word_1_168' title='bbox 1528 1356 1730 1413; x_wconf 82' lang='lat' dir='ltr'><strong>abreptos</strong></span> <span class='ocrx_word' id='word_1_169' title='bbox 1753 1371 1802 1397; x_wconf 84' lang='lat' dir='ltr'><strong>ea</strong></span> <span class='ocrx_word' id='word_1_170' title='bbox 1828 1355 1882 1397; x_wconf 89' lang='lat' dir='ltr'><strong>de</strong></span> <span class='ocrx_word' id='word_1_171' title='bbox 1907 1372 2035 1401; x_wconf 85' lang='lat' dir='ltr'><strong>causa</strong></span> 
     </span>
     <span class='ocr_line' id='line_1_20' title="bbox 505 1414 2037 1476; baseline -0.001 -16"><span class='ocrx_word' id='word_1_172' title='bbox 505 1416 768 1476; x_wconf 73' lang='lat' dir='ltr'><strong>suggestivas</strong></span> <span class='ocrx_word' id='word_1_173' title='bbox 803 1415 1159 1470; x_wconf 67' lang='lat' dir='ltr'><strong>interrogationes</strong></span> <span class='ocrx_word' id='word_1_174' title='bbox 1194 1414 1372 1458; x_wconf 69' lang='lat' dir='ltr'><strong>testibus</strong></span> <span class='ocrx_word' id='word_1_175' title='bbox 1406 1415 1552 1459; x_wconf 77' lang='lat' dir='ltr'><strong>secisse</strong></span> <span class='ocrx_word' id='word_1_176' title='bbox 1584 1431 1695 1475; x_wconf 86' lang='lat' dir='ltr'><strong>quae</strong></span> <span class='ocrx_word' id='word_1_177' title='bbox 1738 1416 1916 1474; x_wconf 86' lang='lat' dir='ltr'><strong>quidem</strong></span> <span class='ocrx_word' id='word_1_178' title='bbox 1966 1432 2037 1460; x_wconf 89' lang='lat' dir='ltr'><strong>re-</strong></span> 
     </span>
     <span class='ocr_line' id='line_1_21' title="bbox 506 1475 2034 1536; baseline -0.001 -14"><span class='ocrx_word' id='word_1_179' title='bbox 506 1494 659 1536; x_wconf 78' lang='lat' dir='ltr'><strong>sponsa</strong></span> <span class='ocrx_word' id='word_1_180' title='bbox 693 1476 856 1520; x_wconf 80' lang='lat' dir='ltr'><strong>eisdem</strong></span> <span class='ocrx_word' id='word_1_181' title='bbox 897 1475 1104 1533; x_wconf 78' lang='lat' dir='ltr'><strong>perbelle,</strong></span> <span class='ocrx_word' id='word_1_182' title='bbox 1142 1483 1180 1518; x_wconf 92' lang='lat' dir='ltr'><strong>et</strong></span> <span class='ocrx_word' id='word_1_183' title='bbox 1217 1476 1445 1519; x_wconf 85' lang='lat' dir='ltr'><strong>commode</strong></span> <span class='ocrx_word' id='word_1_184' title='bbox 1478 1476 1825 1535; x_wconf 73' lang='lat' dir='ltr'><strong>suppeditarent.</strong></span> <span class='ocrx_word' id='word_1_185' title='bbox 1863 1478 1917 1521; x_wconf 89' lang='lat' dir='ltr'><strong>At</strong></span> <span class='ocrx_word' id='word_1_186' title='bbox 1945 1478 2034 1521; x_wconf 92' lang='lat' dir='ltr'><strong>im—</strong></span> 
     </span>
     <span class='ocr_line' id='line_1_22' title="bbox 509 1536 2035 1597; baseline 0 -15"><span class='ocrx_word' id='word_1_187' title='bbox 509 1539 666 1582; x_wconf 86' lang='lat' dir='ltr'><strong>merito</strong></span> <span class='ocrx_word' id='word_1_188' title='bbox 694 1553 864 1596; x_wconf 84' lang='lat' dir='ltr'><strong>prorsus</strong></span> <span class='ocrx_word' id='word_1_189' title='bbox 900 1537 1000 1579; x_wconf 87' lang='lat' dir='ltr'><strong>baec</strong></span> <span class='ocrx_word' id='word_1_190' title='bbox 1035 1536 1207 1580; x_wconf 86' lang='lat' dir='ltr'><strong>adnotat</strong></span> <span class='ocrx_word' id='word_1_191' title='bbox 1239 1537 1576 1581; x_wconf 76' lang='lat' dir='ltr'><strong>Animadversor</strong></span> <span class='ocrx_word' id='word_1_192' title='bbox 1619 1545 1775 1580; x_wconf 85' lang='lat' dir='ltr'><strong>noster.</strong></span> <span class='ocrx_word' id='word_1_193' title='bbox 1807 1539 1854 1580; x_wconf 78' lang='lat' dir='ltr'><strong>Et</strong></span> <span class='ocrx_word' id='word_1_194' title='bbox 1890 1539 2035 1597; x_wconf 91' lang='lat' dir='ltr'><strong>primo</strong></span> 
     </span>
     <span class='ocr_line' id='line_1_23' title="bbox 505 1596 2035 1656; baseline 0 -13"><span class='ocrx_word' id='word_1_195' title='bbox 505 1599 730 1643; x_wconf 85' lang='lat' dir='ltr'><strong>sciendum</strong></span> <span class='ocrx_word' id='word_1_196' title='bbox 765 1596 884 1656; x_wconf 86' lang='lat' dir='ltr'><strong>quud</strong></span> <span class='ocrx_word' id='word_1_197' title='bbox 920 1597 961 1639; x_wconf 90' lang='lat' dir='ltr'><strong>in</strong></span> <span class='ocrx_word' id='word_1_198' title='bbox 996 1598 1120 1641; x_wconf 88' lang='lat' dir='ltr'><strong>tertia</strong></span> <span class='ocrx_word' id='word_1_199' title='bbox 1154 1597 1231 1641; x_wconf 86' lang='lat' dir='ltr'><strong>bac</strong></span> <span class='ocrx_word' id='word_1_200' title='bbox 1265 1598 1548 1656; x_wconf 72' lang='lat' dir='ltr'><strong>inquisitione</strong></span> <span class='ocrx_word' id='word_1_201' title='bbox 1590 1598 1859 1654; x_wconf 84' lang='lat' dir='ltr'><strong>Quebeeensi</strong></span> <span class='ocrx_word' id='word_1_202' title='bbox 1908 1608 2035 1643; x_wconf 84' lang='lat' dir='ltr'><strong>testes</strong></span> 
     </span>
     <span class='ocr_line' id='line_1_24' title="bbox 504 1657 2031 1719; baseline 0 -16"><span class='ocrx_word' id='word_1_203' title='bbox 504 1660 578 1719; x_wconf 86' lang='lat' dir='ltr'><strong>qui</strong></span> <span class='ocrx_word' id='word_1_204' title='bbox 614 1674 796 1703; x_wconf 82' lang='lat' dir='ltr'><strong>examen</strong></span> <span class='ocrx_word' id='word_1_205' title='bbox 831 1657 1061 1700; x_wconf 86' lang='lat' dir='ltr'><strong>subierunt</strong></span> <span class='ocrx_word' id='word_1_206' title='bbox 1094 1666 1191 1700; x_wconf 91' lang='lat' dir='ltr'><strong>sunt</strong></span> <span class='ocrx_word' id='word_1_207' title='bbox 1227 1674 1410 1702; x_wconf 78' lang='lat' dir='ltr'><strong>numero</strong></span> <span class='ocrx_word' id='word_1_208' title='bbox 1445 1666 1630 1716; x_wconf 73' lang='lat' dir='ltr'><strong>‹piatuor</strong></span> <span class='ocrx_word' id='word_1_209' title='bbox 1664 1667 1700 1701; x_wconf 94' lang='lat' dir='ltr'><strong>et</strong></span> <span class='ocrx_word' id='word_1_210' title='bbox 1737 1658 1903 1714; x_wconf 68' lang='lat' dir='ltr'><strong>viginti,</strong></span> <span class='ocrx_word' id='word_1_211' title='bbox 1926 1659 2031 1703; x_wconf 90' lang='lat' dir='ltr'><strong>dum</strong></span> 
     </span>
     <span class='ocr_line' id='line_1_25' title="bbox 508 1717 2033 1778; baseline 0 -15"><span class='ocrx_word' id='word_1_212' title='bbox 508 1721 550 1763; x_wconf 92' lang='lat' dir='ltr'><strong>in</strong></span> <span class='ocrx_word' id='word_1_213' title='bbox 587 1721 719 1764; x_wconf 85' lang='lat' dir='ltr'><strong>altera</strong></span> <span class='ocrx_word' id='word_1_214' title='bbox 754 1717 1036 1777; x_wconf 88' lang='lat' dir='ltr'><strong>lnquisitioue</strong></span> <span class='ocrx_word' id='word_1_215' title='bbox 1071 1718 1124 1761; x_wconf 90' lang='lat' dir='ltr'><strong>ad</strong></span> <span class='ocrx_word' id='word_1_216' title='bbox 1159 1718 1279 1761; x_wconf 84' lang='lat' dir='ltr'><strong>euius</strong></span> <span class='ocrx_word' id='word_1_217' title='bbox 1320 1719 1538 1763; x_wconf 80' lang='lat' dir='ltr'><strong>delectum</strong></span> <span class='ocrx_word' id='word_1_218' title='bbox 1590 1719 1881 1778; x_wconf 86' lang='lat' dir='ltr'><strong>supplendum</strong></span> <span class='ocrx_word' id='word_1_219' title='bbox 1928 1721 2033 1764; x_wconf 87' lang='lat' dir='ltr'><strong>baec</strong></span> 
     </span>
     <span class='ocr_line' id='line_1_26' title="bbox 508 1780 2036 1838; baseline 0 -14"><span class='ocrx_word' id='word_1_220' title='bbox 508 1781 632 1824; x_wconf 66' lang='lat' dir='ltr'><strong>tertia</strong></span> <span class='ocrx_word' id='word_1_221' title='bbox 668 1780 859 1824; x_wconf 88' lang='lat' dir='ltr'><strong>instituta</strong></span> <span class='ocrx_word' id='word_1_222' title='bbox 894 1786 970 1827; x_wconf 84' lang='lat' dir='ltr'><strong>est,</strong></span> <span class='ocrx_word' id='word_1_223' title='bbox 1009 1795 1083 1822; x_wconf 82' lang='lat' dir='ltr'><strong>sex</strong></span> <span class='ocrx_word' id='word_1_224' title='bbox 1119 1781 1421 1823; x_wconf 85' lang='lat' dir='ltr'><strong>tantummodo</strong></span> <span class='ocrx_word' id='word_1_225' title='bbox 1448 1788 1570 1823; x_wconf 78' lang='lat' dir='ltr'><strong>testes</strong></span> <span class='ocrx_word' id='word_1_226' title='bbox 1594 1796 1757 1838; x_wconf 84' lang='lat' dir='ltr'><strong>eaeque</strong></span> <span class='ocrx_word' id='word_1_227' title='bbox 1783 1795 1932 1823; x_wconf 84' lang='lat' dir='ltr'><strong>omnes</strong></span> <span class='ocrx_word' id='word_1_228' title='bbox 1957 1782 2036 1824; x_wconf 91' lang='lat' dir='ltr'><strong>do—</strong></span> 
     </span>
     <span class='ocr_line' id='line_1_27' title="bbox 504 1839 2032 1899; baseline 0.001 -14"><span class='ocrx_word' id='word_1_229' title='bbox 504 1842 725 1892; x_wconf 85' lang='lat' dir='ltr'><strong>mesticae,</strong></span> <span class='ocrx_word' id='word_1_230' title='bbox 764 1839 964 1883; x_wconf 76' lang='lat' dir='ltr'><strong>videlieet</strong></span> <span class='ocrx_word' id='word_1_231' title='bbox 998 1840 1201 1883; x_wconf 78' lang='lat' dir='ltr'><strong>llloniales</strong></span> <span class='ocrx_word' id='word_1_232' title='bbox 1236 1839 1341 1899; x_wconf 85' lang='lat' dir='ltr'><strong>(qua</strong></span> <span class='ocrx_word' id='word_1_233' title='bbox 1378 1841 1647 1898; x_wconf 88' lang='lat' dir='ltr'><strong>potissimum</strong></span> <span class='ocrx_word' id='word_1_234' title='bbox 1683 1841 1737 1884; x_wconf 92' lang='lat' dir='ltr'><strong>de</strong></span> <span class='ocrx_word' id='word_1_235' title='bbox 1780 1857 1903 1884; x_wconf 75' lang='lat' dir='ltr'><strong>causa</strong></span> <span class='ocrx_word' id='word_1_236' title='bbox 1950 1843 2032 1887; x_wconf 88' lang='lat' dir='ltr'><strong>alia</strong></span> 
     </span>
     <span class='ocr_line' id='line_1_28' title="bbox 505 1900 2034 1960; baseline 0.001 -15"><span class='ocrx_word' id='word_1_237' title='bbox 505 1903 698 1960; x_wconf 87' lang='lat' dir='ltr'><strong>expetita</strong></span> <span class='ocrx_word' id='word_1_238' title='bbox 733 1910 789 1945; x_wconf 87' lang='lat' dir='ltr'><strong>est</strong></span> <span class='ocrx_word' id='word_1_239' title='bbox 827 1900 1071 1959; x_wconf 84' lang='lat' dir='ltr'><strong>Inquisitio)</strong></span> <span class='ocrx_word' id='word_1_240' title='bbox 1123 1901 1240 1945; x_wconf 86' lang='lat' dir='ltr'><strong>unde</strong></span> <span class='ocrx_word' id='word_1_241' title='bbox 1292 1910 1431 1959; x_wconf 84' lang='lat' dir='ltr'><strong>patet,</strong></span> <span class='ocrx_word' id='word_1_242' title='bbox 1470 1902 1586 1960; x_wconf 87' lang='lat' dir='ltr'><strong>quod</strong></span> <span class='ocrx_word' id='word_1_243' title='bbox 1624 1910 1792 1960; x_wconf 86' lang='lat' dir='ltr'><strong>praeter</strong></span> <span class='ocrx_word' id='word_1_244' title='bbox 1833 1918 1904 1945; x_wconf 86' lang='lat' dir='ltr'><strong>sex</strong></span> <span class='ocrx_word' id='word_1_245' title='bbox 1943 1903 2034 1947; x_wconf 89' lang='lat' dir='ltr'><strong>illas</strong></span> 
     </span>
     <span class='ocr_line' id='line_1_29' title="bbox 507 1961 2035 2022; baseline 0.001 -17"><span class='ocrx_word' id='word_1_246' title='bbox 507 1971 632 2006; x_wconf 84' lang='lat' dir='ltr'><strong>testes</strong></span> <span class='ocrx_word' id='word_1_247' title='bbox 669 1964 711 2005; x_wconf 86' lang='lat' dir='ltr'><strong>in</strong></span> <span class='ocrx_word' id='word_1_248' title='bbox 748 1961 941 2005; x_wconf 87' lang='lat' dir='ltr'><strong>seeundo</strong></span> <span class='ocrx_word' id='word_1_249' title='bbox 977 1963 1179 2005; x_wconf 74' lang='lat' dir='ltr'><strong>Processu</strong></span> <span class='ocrx_word' id='word_1_250' title='bbox 1215 1962 1403 2005; x_wconf 84' lang='lat' dir='ltr'><strong>examini</strong></span> <span class='ocrx_word' id='word_1_251' title='bbox 1439 1963 1668 2013; x_wconf 87' lang='lat' dir='ltr'><strong>subiectas,</strong></span> <span class='ocrx_word' id='word_1_252' title='bbox 1697 1963 1767 2006; x_wconf 88' lang='lat' dir='ltr'><strong>alii</strong></span> <span class='ocrx_word' id='word_1_253' title='bbox 1793 1978 1970 2022; x_wconf 77' lang='lat' dir='ltr'><strong>(pioque</strong></span> <span class='ocrx_word' id='word_1_254' title='bbox 1993 1973 2035 2007; x_wconf 83' lang='lat' dir='ltr'><strong>et</strong></span> 
     </span>
     <span class='ocr_line' id='line_1_30' title="bbox 510 2022 2034 2082; baseline 0.001 -16"><span class='ocrx_word' id='word_1_255' title='bbox 510 2040 596 2066; x_wconf 88' lang='lat' dir='ltr'><strong>non</strong></span> <span class='ocrx_word' id='word_1_256' title='bbox 631 2024 752 2082; x_wconf 85' lang='lat' dir='ltr'><strong>pauci</strong></span> <span class='ocrx_word' id='word_1_257' title='bbox 792 2024 831 2065; x_wconf 90' lang='lat' dir='ltr'><strong>in</strong></span> <span class='ocrx_word' id='word_1_258' title='bbox 869 2022 948 2065; x_wconf 90' lang='lat' dir='ltr'><strong>boe</strong></span> <span class='ocrx_word' id='word_1_259' title='bbox 983 2022 1108 2065; x_wconf 86' lang='lat' dir='ltr'><strong>tertio</strong></span> <span class='ocrx_word' id='word_1_260' title='bbox 1144 2022 1306 2065; x_wconf 84' lang='lat' dir='ltr'><strong>excussi</strong></span> <span class='ocrx_word' id='word_1_261' title='bbox 1343 2032 1454 2070; x_wconf 79' lang='lat' dir='ltr'><strong>sunt,</strong></span> <span class='ocrx_word' id='word_1_262' title='bbox 1493 2024 1525 2066; x_wconf 88' lang='lat' dir='ltr'><strong>si</strong></span> <span class='ocrx_word' id='word_1_263' title='bbox 1560 2024 1673 2067; x_wconf 85' lang='lat' dir='ltr'><strong>enim</strong></span> <span class='ocrx_word' id='word_1_264' title='bbox 1710 2037 1845 2066; x_wconf 81' lang='grc' dir='ltr'>ιιιιιιηι</span> <span class='ocrx_word' id='word_1_265' title='bbox 1879 2024 1947 2067; x_wconf 90' lang='lat' dir='ltr'><strong>vel</strong></span> <span class='ocrx_word' id='word_1_266' title='bbox 1974 2025 2034 2068; x_wconf 83' lang='lat' dir='ltr'><strong>al-</strong></span> 
     </span>
     <span class='ocr_line' id='line_1_31' title="bbox 507 2082 2036 2143; baseline 0.002 -17"><span class='ocrx_word' id='word_1_267' title='bbox 507 2093 646 2128; x_wconf 85' lang='lat' dir='ltr'><strong>terum</strong></span> <span class='ocrx_word' id='word_1_268' title='bbox 683 2083 868 2141; x_wconf 81' lang='lat' dir='ltr'><strong>excipias</strong></span> <span class='ocrx_word' id='word_1_269' title='bbox 903 2082 974 2140; x_wconf 84' lang='lat' dir='ltr'><strong>qui</strong></span> <span class='ocrx_word' id='word_1_270' title='bbox 1011 2082 1053 2125; x_wconf 87' lang='lat' dir='ltr'><strong>in</strong></span> <span class='ocrx_word' id='word_1_271' title='bbox 1089 2083 1227 2141; x_wconf 86' lang='lat' dir='ltr'><strong>primo</strong></span> <span class='ocrx_word' id='word_1_272' title='bbox 1263 2084 1464 2126; x_wconf 78' lang='lat' dir='ltr'><strong>Processu</strong></span> <span class='ocrx_word' id='word_1_273' title='bbox 1501 2100 1636 2143; x_wconf 84' lang='lat' dir='ltr'><strong>pauca</strong></span> <span class='ocrx_word' id='word_1_274' title='bbox 1670 2083 1944 2142; x_wconf 81' lang='lat' dir='ltr'><strong>deposuerat,</strong></span> <span class='ocrx_word' id='word_1_275' title='bbox 1972 2101 2036 2130; x_wconf 86' lang='lat' dir='ltr'><strong>re-</strong></span> 
     </span>
     <span class='ocr_line' id='line_1_32' title="bbox 506 2143 2022 2204; baseline 0.001 -17"><span class='ocrx_word' id='word_1_276' title='bbox 506 2144 610 2203; x_wconf 81' lang='lat' dir='ltr'><strong>liqui</strong></span> <span class='ocrx_word' id='word_1_277' title='bbox 644 2161 796 2188; x_wconf 88' lang='lat' dir='ltr'><strong>omnes</strong></span> <span class='ocrx_word' id='word_1_278' title='bbox 833 2143 1021 2202; x_wconf 88' lang='lat' dir='ltr'><strong>primum</strong></span> <span class='ocrx_word' id='word_1_279' title='bbox 1069 2144 1109 2186; x_wconf 93' lang='lat' dir='ltr'><strong>in</strong></span> <span class='ocrx_word' id='word_1_280' title='bbox 1147 2144 1269 2187; x_wconf 86' lang='lat' dir='ltr'><strong>tertia</strong></span> <span class='ocrx_word' id='word_1_281' title='bbox 1306 2144 1380 2188; x_wconf 83' lang='lat' dir='ltr'><strong>bac</strong></span> <span class='ocrx_word' id='word_1_282' title='bbox 1414 2145 1698 2204; x_wconf 85' lang='lat' dir='ltr'><strong>lnquisitione</strong></span> <span class='ocrx_word' id='word_1_283' title='bbox 1731 2145 1864 2203; x_wconf 78' lang='lat' dir='ltr'><strong>rogati</strong></span> <span class='ocrx_word' id='word_1_284' title='bbox 1901 2155 2022 2197; x_wconf 87' lang='lat' dir='ltr'><strong>sunt,</strong></span> 
     </span>
     <span class='ocr_line' id='line_1_33' title="bbox 505 2205 2031 2264; baseline 0.001 -15"><span class='ocrx_word' id='word_1_285' title='bbox 505 2221 606 2264; x_wconf 81' lang='lat' dir='ltr'><strong>ergo</strong></span> <span class='ocrx_word' id='word_1_286' title='bbox 641 2207 681 2249; x_wconf 90' lang='lat' dir='ltr'><strong>in</strong></span> <span class='ocrx_word' id='word_1_287' title='bbox 717 2221 874 2264; x_wconf 81' lang='lat' dir='ltr'><strong>genere</strong></span> <span class='ocrx_word' id='word_1_288' title='bbox 910 2219 1059 2247; x_wconf 84' lang='lat' dir='ltr'><strong>verum</strong></span> <span class='ocrx_word' id='word_1_289' title='bbox 1117 2220 1200 2247; x_wconf 91' lang='lat' dir='ltr'><strong>non</strong></span> <span class='ocrx_word' id='word_1_290' title='bbox 1254 2213 1348 2255; x_wconf 87' lang='lat' dir='ltr'><strong>est,</strong></span> <span class='ocrx_word' id='word_1_291' title='bbox 1385 2207 1504 2264; x_wconf 87' lang='lat' dir='ltr'><strong>quod</strong></span> <span class='ocrx_word' id='word_1_292' title='bbox 1547 2205 1769 2249; x_wconf 87' lang='lat' dir='ltr'><strong>contendit</strong></span> <span class='ocrx_word' id='word_1_293' title='bbox 1803 2206 2031 2250; x_wconf 85' lang='lat' dir='ltr'><strong>Adversa-</strong></span> 
     </span>
     <span class='ocr_line' id='line_1_34' title="bbox 504 2265 2031 2324; baseline 0.001 -15"><span class='ocrx_word' id='word_1_294' title='bbox 504 2267 622 2318; x_wconf 78' lang='lat' dir='ltr'><strong>rius,</strong></span> <span class='ocrx_word' id='word_1_295' title='bbox 658 2266 883 2311; x_wconf 81' lang='lat' dir='ltr'><strong>accessisse</strong></span> <span class='ocrx_word' id='word_1_296' title='bbox 932 2265 1055 2308; x_wconf 86' lang='lat' dir='ltr'><strong>tertio</strong></span> <span class='ocrx_word' id='word_1_297' title='bbox 1111 2274 1235 2309; x_wconf 89' lang='lat' dir='ltr'><strong>testes</strong></span> <span class='ocrx_word' id='word_1_298' title='bbox 1269 2266 1341 2324; x_wconf 89' lang='lat' dir='ltr'><strong>qui</strong></span> <span class='ocrx_word' id='word_1_299' title='bbox 1374 2268 1414 2309; x_wconf 90' lang='lat' dir='ltr'><strong>in</strong></span> <span class='ocrx_word' id='word_1_300' title='bbox 1452 2267 1592 2324; x_wconf 90' lang='lat' dir='ltr'><strong>primo</strong></span> <span class='ocrx_word' id='word_1_301' title='bbox 1637 2274 1680 2310; x_wconf 87' lang='lat' dir='ltr'><strong>et</strong></span> <span class='ocrx_word' id='word_1_302' title='bbox 1723 2267 1858 2310; x_wconf 87' lang='lat' dir='ltr'><strong>altero</strong></span> <span class='ocrx_word' id='word_1_303' title='bbox 1893 2267 2031 2311; x_wconf 85' lang='lat' dir='ltr'><strong>auditi</strong></span> 
     </span>
     <span class='ocr_line' id='line_1_35' title="bbox 506 2325 2032 2387; baseline 0.001 -16"><span class='ocrx_word' id='word_1_304' title='bbox 506 2327 694 2378; x_wconf 85' lang='lat' dir='ltr'><strong>suerunt,</strong></span> <span class='ocrx_word' id='word_1_305' title='bbox 734 2326 902 2385; x_wconf 86' lang='lat' dir='ltr'><strong>illisque</strong></span> <span class='ocrx_word' id='word_1_306' title='bbox 939 2325 1064 2368; x_wconf 84' lang='lat' dir='ltr'><strong>lectas</strong></span> <span class='ocrx_word' id='word_1_307' title='bbox 1099 2326 1226 2370; x_wconf 83' lang='lat' dir='ltr'><strong>fuisse</strong></span> <span class='ocrx_word' id='word_1_308' title='bbox 1260 2327 1552 2385; x_wconf 78' lang='lat' dir='ltr'><strong>depositiones</strong></span> <span class='ocrx_word' id='word_1_309' title='bbox 1574 2328 1885 2387; x_wconf 84' lang='lat' dir='ltr'><strong>praecedentes</strong></span> <span class='ocrx_word' id='word_1_310' title='bbox 1915 2336 2032 2372; x_wconf 87' lang='lat' dir='ltr'><strong>ntea</strong></span> 
     </span>
     <span class='ocr_line' id='line_1_36' title="bbox 508 2387 2036 2447; baseline 0.001 -15"><span class='ocrx_word' id='word_1_311' title='bbox 508 2405 621 2447; x_wconf 89' lang='lat' dir='ltr'><strong>quae</strong></span> <span class='ocrx_word' id='word_1_312' title='bbox 658 2389 698 2431; x_wconf 90' lang='lat' dir='ltr'><strong>in</strong></span> <span class='ocrx_word' id='word_1_313' title='bbox 737 2388 1086 2431; x_wconf 78' lang='lat' dir='ltr'><strong>iis‘declaverant</strong></span> <span class='ocrx_word' id='word_1_314' title='bbox 1121 2387 1250 2431; x_wconf 83' lang='lat' dir='ltr'><strong>etiam</strong></span> <span class='ocrx_word' id='word_1_315' title='bbox 1287 2404 1337 2430; x_wconf 86' lang='lat' dir='ltr'><strong>ex</strong></span> <span class='ocrx_word' id='word_1_316' title='bbox 1372 2389 1477 2431; x_wconf 89' lang='lat' dir='ltr'><strong>orali</strong></span> <span class='ocrx_word' id='word_1_317' title='bbox 1514 2389 1743 2432; x_wconf 80' lang='lat' dir='ltr'><strong>traditione</strong></span> <span class='ocrx_word' id='word_1_318' title='bbox 1777 2389 1953 2432; x_wconf 84' lang='lat' dir='ltr'><strong>haustas</strong></span> <span class='ocrx_word' id='word_1_319' title='bbox 1979 2389 2036 2433; x_wconf 82' lang='lat' dir='ltr'><strong>al&#39;-</strong></span> 
     </span>
     <span class='ocr_line' id='line_1_37' title="bbox 505 2447 2030 2508; baseline 0.001 -15"><span class='ocrx_word' id='word_1_320' title='bbox 505 2449 730 2493; x_wconf 84' lang='lat' dir='ltr'><strong>lirmarent</strong></span> <span class='ocrx_word' id='word_1_321' title='bbox 765 2449 842 2491; x_wconf 85' lang='lat' dir='ltr'><strong>boe</strong></span> <span class='ocrx_word' id='word_1_322' title='bbox 866 2447 1083 2506; x_wconf 86' lang='lat' dir='ltr'><strong>siqnidem</strong></span> <span class='ocrx_word' id='word_1_323' title='bbox 1111 2448 1163 2491; x_wconf 87' lang='lat' dir='ltr'><strong>ad</strong></span> <span class='ocrx_word' id='word_1_324' title='bbox 1186 2463 1407 2492; x_wconf 90' lang='lat' dir='ltr'><strong>summum</strong></span> <span class='ocrx_word' id='word_1_325' title='bbox 1433 2449 1517 2493; x_wconf 89' lang='lat' dir='ltr'><strong>dici</strong></span> <span class='ocrx_word' id='word_1_326' title='bbox 1542 2458 1684 2508; x_wconf 84' lang='lat' dir='ltr'><strong>posset</strong></span> <span class='ocrx_word' id='word_1_327' title='bbox 1706 2449 1760 2492; x_wconf 84' lang='lat' dir='ltr'><strong>de</strong></span> <span class='ocrx_word' id='word_1_328' title='bbox 1798 2449 1877 2492; x_wconf 90' lang='lat' dir='ltr'><strong>illis</strong></span> <span class='ocrx_word' id='word_1_329' title='bbox 1900 2450 2030 2494; x_wconf 88' lang='lat' dir='ltr'><strong>dum-</strong></span> 
     </span>
     <span class='ocr_line' id='line_1_38' title="bbox 507 2509 2024 2567; baseline 0.001 -14"><span class='ocrx_word' id='word_1_330' title='bbox 507 2518 622 2554; x_wconf 82' lang='lat' dir='ltr'><strong>taxat</strong></span> <span class='ocrx_word' id='word_1_331' title='bbox 654 2527 730 2554; x_wconf 88' lang='lat' dir='ltr'><strong>sex</strong></span> <span class='ocrx_word' id='word_1_332' title='bbox 764 2509 944 2553; x_wconf 87' lang='lat' dir='ltr'><strong>testibus</strong></span> <span class='ocrx_word' id='word_1_333' title='bbox 977 2525 1088 2567; x_wconf 86' lang='lat' dir='ltr'><strong>quae</strong></span> <span class='ocrx_word' id='word_1_334' title='bbox 1115 2509 1154 2552; x_wconf 89' lang='lat' dir='ltr'><strong>in</strong></span> <span class='ocrx_word' id='word_1_335' title='bbox 1178 2509 1316 2553; x_wconf 90' lang='lat' dir='ltr'><strong>altero</strong></span> <span class='ocrx_word' id='word_1_336' title='bbox 1339 2511 1542 2554; x_wconf 86' lang='lat' dir='ltr'><strong>Processu</strong></span> <span class='ocrx_word' id='word_1_337' title='bbox 1567 2525 1749 2554; x_wconf 80' lang='lat' dir='ltr'><strong>examen</strong></span> <span class='ocrx_word' id='word_1_338' title='bbox 1782 2511 2024 2563; x_wconf 84' lang='lat' dir='ltr'><strong>subierant,</strong></span> 
     </span>
     <span class='ocr_line' id='line_1_39' title="bbox 504 2570 2028 2631; baseline 0.001 -17"><span class='ocrx_word' id='word_1_339' title='bbox 504 2587 590 2615; x_wconf 90' lang='lat' dir='ltr'><strong>non</strong></span> <span class='ocrx_word' id='word_1_340' title='bbox 627 2587 729 2615; x_wconf 88' lang='lat' dir='ltr'><strong>vero</strong></span> <span class='ocrx_word' id='word_1_341' title='bbox 753 2570 807 2614; x_wconf 91' lang='lat' dir='ltr'><strong>dc</strong></span> <span class='ocrx_word' id='word_1_342' title='bbox 841 2571 1019 2631; x_wconf 86' lang='lat' dir='ltr'><strong>reliquis</strong></span> <span class='ocrx_word' id='word_1_343' title='bbox 1051 2571 1125 2628; x_wconf 89' lang='lat' dir='ltr'><strong>qui</strong></span> <span class='ocrx_word' id='word_1_344' title='bbox 1162 2586 1398 2629; x_wconf 81' lang='lat' dir='ltr'><strong>numquam</strong></span> <span class='ocrx_word' id='word_1_345' title='bbox 1427 2571 1532 2615; x_wconf 86' lang='lat' dir='ltr'><strong>alias</strong></span> <span class='ocrx_word' id='word_1_346' title='bbox 1556 2571 1807 2629; x_wconf 81' lang='lat' dir='ltr'><strong>interrogati</strong></span> <span class='ocrx_word' id='word_1_347' title='bbox 1837 2571 2028 2624; x_wconf 84' lang='lat' dir='ltr'><strong>suerunt,</strong></span> 
     </span>
     <span class='ocr_line' id='line_1_40' title="bbox 506 2632 2026 2691; baseline 0.001 -16"><span class='ocrx_word' id='word_1_348' title='bbox 506 2632 577 2675; x_wconf 86' lang='lat' dir='ltr'><strong>vel</strong></span> <span class='ocrx_word' id='word_1_349' title='bbox 612 2632 644 2675; x_wconf 90' lang='lat' dir='ltr'><strong>si</strong></span> <span class='ocrx_word' id='word_1_350' title='bbox 680 2632 722 2675; x_wconf 91' lang='lat' dir='ltr'><strong>in</strong></span> <span class='ocrx_word' id='word_1_351' title='bbox 758 2632 899 2690; x_wconf 89' lang='lat' dir='ltr'><strong>primo</strong></span> <span class='ocrx_word' id='word_1_352' title='bbox 934 2632 1073 2691; x_wconf 88' lang='lat' dir='ltr'><strong>aliqua</strong></span> <span class='ocrx_word' id='word_1_353' title='bbox 1110 2632 1405 2689; x_wconf 86' lang='lat' dir='ltr'><strong>deposuerunt</strong></span> <span class='ocrx_word' id='word_1_354' title='bbox 1440 2649 1490 2676; x_wconf 85' lang='lat' dir='ltr'><strong>ea</strong></span> <span class='ocrx_word' id='word_1_355' title='bbox 1523 2633 1652 2676; x_wconf 89' lang='lat' dir='ltr'><strong>nimis</strong></span> <span class='ocrx_word' id='word_1_356' title='bbox 1687 2632 1826 2676; x_wconf 80' lang='lat' dir='ltr'><strong>forsan</strong></span> <span class='ocrx_word' id='word_1_357' title='bbox 1873 2648 2026 2690; x_wconf 79' lang='lat' dir='ltr'><strong>parce,</strong></span> 
     </span>
     <span class='ocr_line' id='line_1_41' title="bbox 502 2693 2033 2751; baseline 0.001 -15"><span class='ocrx_word' id='word_1_358' title='bbox 502 2709 553 2737; x_wconf 89' lang='lat' dir='ltr'><strong>ac</strong></span> <span class='ocrx_word' id='word_1_359' title='bbox 587 2693 766 2737; x_wconf 87' lang='lat' dir='ltr'><strong>strictim</strong></span> <span class='ocrx_word' id='word_1_360' title='bbox 800 2693 990 2737; x_wconf 78' lang='lat' dir='ltr'><strong>heroicas</strong></span> <span class='ocrx_word' id='word_1_361' title='bbox 1023 2694 1184 2738; x_wconf 76' lang='lat' dir='ltr'><strong>Set-vae</strong></span> <span class='ocrx_word' id='word_1_362' title='bbox 1217 2693 1299 2736; x_wconf 90' lang='lat' dir='ltr'><strong>Dei</strong></span> <span class='ocrx_word' id='word_1_363' title='bbox 1335 2694 1516 2737; x_wconf 86' lang='lat' dir='ltr'><strong>virtutes</strong></span> <span class='ocrx_word' id='word_1_364' title='bbox 1559 2693 1861 2751; x_wconf 79' lang='lat' dir='ltr'><strong>attingebant,</strong></span> <span class='ocrx_word' id='word_1_365' title='bbox 1913 2694 2033 2738; x_wconf 91' lang='lat' dir='ltr'><strong>unde</strong></span> 
     </span>
     <span class='ocr_line' id='line_1_42' title="bbox 502 2754 2033 2812; baseline 0.001 -16"><span class='ocrx_word' id='word_1_366' title='bbox 502 2762 596 2797; x_wconf 88' lang='lat' dir='ltr'><strong>orta</strong></span> <span class='ocrx_word' id='word_1_367' title='bbox 631 2754 857 2798; x_wconf 83' lang='lat' dir='ltr'><strong>necessitas</strong></span> <span class='ocrx_word' id='word_1_368' title='bbox 892 2755 1024 2798; x_wconf 88' lang='lat' dir='ltr'><strong>alium</strong></span> <span class='ocrx_word' id='word_1_369' title='bbox 1050 2756 1303 2797; x_wconf 76' lang='lat' dir='ltr'><strong>processum</strong></span> <span class='ocrx_word' id='word_1_370' title='bbox 1326 2754 1598 2805; x_wconf 83' lang='lat' dir='ltr'><strong>conficiendi,</strong></span> <span class='ocrx_word' id='word_1_371' title='bbox 1636 2754 1698 2797; x_wconf 91' lang='lat' dir='ltr'><strong>uti</strong></span> <span class='ocrx_word' id='word_1_372' title='bbox 1735 2755 1932 2812; x_wconf 89' lang='lat' dir='ltr'><strong>superius</strong></span> <span class='ocrx_word' id='word_1_373' title='bbox 1968 2755 2033 2798; x_wconf 92' lang='lat' dir='ltr'><strong>in-</strong></span> 
     </span>
     <span class='ocr_line' id='line_1_43' title="bbox 506 2814 2032 2871; baseline 0.001 -13"><span class='ocrx_word' id='word_1_374' title='bbox 506 2815 714 2859; x_wconf 83' lang='lat' dir='ltr'><strong>nuebam.</strong></span> <span class='ocrx_word' id='word_1_375' title='bbox 752 2814 879 2871; x_wconf 87' lang='lat' dir='ltr'><strong>Quod</strong></span> <span class='ocrx_word' id='word_1_376' title='bbox 914 2824 1057 2859; x_wconf 86' lang='lat' dir='ltr'><strong>autem</strong></span> <span class='ocrx_word' id='word_1_377' title='bbox 1092 2816 1149 2858; x_wconf 87' lang='lat' dir='ltr'><strong>ita</strong></span> <span class='ocrx_word' id='word_1_378' title='bbox 1184 2831 1251 2858; x_wconf 88' lang='lat' dir='ltr'><strong>res</strong></span> <span class='ocrx_word' id='word_1_379' title='bbox 1285 2830 1329 2859; x_wconf 86' lang='lat' dir='ltr'><strong>se</strong></span> <span class='ocrx_word' id='word_1_380' title='bbox 1362 2816 1521 2859; x_wconf 82' lang='lat' dir='ltr'><strong>babeat</strong></span> <span class='ocrx_word' id='word_1_381' title='bbox 1553 2816 1621 2858; x_wconf 88' lang='lat' dir='ltr'><strong>vel</strong></span> <span class='ocrx_word' id='word_1_382' title='bbox 1664 2815 1780 2859; x_wconf 88' lang='lat' dir='ltr'><strong>ldem</strong></span> <span class='ocrx_word' id='word_1_383' title='bbox 1819 2816 2032 2860; x_wconf 83' lang='lat' dir='ltr'><strong>Animad—</strong></span> 
     </span>
     <span class='ocr_line' id='line_1_44' title="bbox 509 2876 2032 2935; baseline 0.001 -16"><span class='ocrx_word' id='word_1_384' title='bbox 509 2890 658 2920; x_wconf 86' lang='lat' dir='ltr'><strong>versor</strong></span> <span class='ocrx_word' id='word_1_385' title='bbox 691 2876 823 2921; x_wconf 82' lang='lat' dir='ltr'><strong>fassus</strong></span> <span class='ocrx_word' id='word_1_386' title='bbox 847 2884 936 2929; x_wconf 82' lang='lat' dir='ltr'><strong>est3</strong></span> <span class='ocrx_word' id='word_1_387' title='bbox 964 2891 1221 2921; x_wconf 85' lang='lat' dir='ltr'><strong>enumerans</strong></span> <span class='ocrx_word' id='word_1_388' title='bbox 1244 2876 1406 2935; x_wconf 84' lang='lat' dir='ltr'><strong>quippe</strong></span> <span class='ocrx_word' id='word_1_389' title='bbox 1432 2885 1557 2921; x_wconf 83' lang='lat' dir='ltr'><strong>testes</strong></span> <span class='ocrx_word' id='word_1_390' title='bbox 1579 2876 1847 2935; x_wconf 77' lang='lat' dir='ltr'><strong>suggestiviS‚</strong></span> <span class='ocrx_word' id='word_1_391' title='bbox 1871 2885 1914 2920; x_wconf 86' lang='lat' dir='ltr'><strong>ut</strong></span> <span class='ocrx_word' id='word_1_392' title='bbox 1940 2878 2032 2935; x_wconf 82' lang='lat' dir='ltr'><strong>ipse</strong></span> 
     </span>
    </p>
   </div>
  </div>
 </body>
</html>
