2672 3600
2025 239 2082 284 53

606 334 622 351 ι
652 328 722 355 era
761 320 868 354 stato
902 320 1044 355 amato
1080 321 1425 355 veracemente.»
1472 311 1773 356 Admiratione
1806 328 1980 371 (pioque
2024 312 2098 356 di—

599 388 729 430 gnum
765 388 892 430 supra
929 373 1105 416 modum
1141 372 1280 415 videri
1314 373 1448 416 debet
1470 408 1480 424 ‚
1519 373 1635 431 quod
1670 374 1804 418 Serva
1840 374 1922 416 Dei
1959 373 1999 416 in
2027 373 2101 417 hu-

602 433 782 477 iusmodi
819 434 1012 477 oratione
1045 433 1278 491 praecipue
1314 435 1488 477 mentali
1525 449 1614 478 sese
1649 434 1945 477 indesinenter
1979 449 2101 476 exer-

599 495 733 537 cuerit
767 494 893 537 etiam
947 494 988 536 in
1026 493 1169 536 medio
1205 502 1265 535 tot
1309 501 1577 538 terrenarum
1624 495 1956 552 occupationum
1992 510 2101 552 quae

601 555 791 612 profecte
815 555 1024 611 cuiusque
1059 561 1247 596 mentem
1273 555 1461 611 graviter
1495 572 1518 597 a
1542 555 1908 612 contemplatione
1936 555 2102 598 abstra-

600 618 774 659 xissent.
813 615 948 658 Testis
983 615 1019 656 X
1057 615 1244 670 (Summ.
1267 629 1387 657 num.
1413 616 1533 658 xvn
1559 630 1654 673 pag.
1685 617 1809 675 132.)
1841 637 1856 653 «
1883 616 1966 658 Per
1990 616 2098 659 mol--

606 698 619 714 n
654 676 793 733 teplici
826 676 903 719 che
936 673 1093 717 sessero
1129 674 1167 717 le
1199 690 1274 717 sue
1308 683 1476 718 estet-ne
1511 676 1800 733 occupazimi,
1837 684 1990 734 queste
2015 691 2099 719 non

607 759 619 774 o
650 738 688 781 la
722 745 934 795 potevano
970 734 1190 778 distrarre.
1241 737 1420 778 Furono·
1446 735 1500 778 da
1536 736 1630 778 Essa
1664 736 1960 793 sperinwntati
1990 737 2099 779 ·tutti

606 819 620 835 »
651 799 662 840 i
697 796 892 855 trasporti
913 829 921 845 ,
959 811 982 837 e
1018 795 1113 837 tntti
1139 796 1148 838 i
1173 795 1353 839 martirii
1386 796 1613 838 dell'amor
1646 796 1795 839 divino
1828 796 1856 839 il
1893 796 1965 853 piu
2001 811 2098 840 vee-

605 879 619 895 n
652 867 814 900 mente.
869 858 976 899 Eran
1021 856 1161 914 questi
1212 857 1281 900 dei
1332 856 1647 899 rinnevanienti
1697 855 1741 900 di
1789 856 1947 900 unione
1980 857 2096 914 quali

606 939 620 955 »
650 933 821 975 sempre
857 916 927 974 piu
964 916 1176 973 frequenti
1221 917 1560 962 addivenivano.
1613 917 1703 960 titt-a
1745 916 1909 959 moi-iva
1943 917 2098 973 perche

607 999 620 1015 υ
650 994 735 1021 non
762 978 943 1020 moi-iva.
984 976 1071 1020 Etta
1105 978 1365 1028 esc-laniata,
1403 994 1426 1020 ο
1461 977 1548 1020 mio
1582 977 1703 1021 dolce
1737 978 1916 1020 amore!
1955 976 1981 1019 il
2013 978 2099 1019 mio

604 1059 618 1075 ι»
650 1054 776 1081 cuore
811 1038 833 1080 e
868 1037 985 1080 nudo
1027 1037 1109 1080 alla
1145 1046 1285 1082 vostra
1333 1054 1534 1096 proseuta
1584 1054 1727 1095 presso
1770 1037 1992 1082 all'Altare
2026 1036 2099 1080 del

604 1120 619 1136 n
649 1108 791 1142 vostro
824 1099 941 1142 Cuor
975 1107 1235 1141 sacrosante.
1270 1101 1307 1143 O
1344 1100 1487 1142 Altare
1522 1108 1779 1149 sacrosante,
1815 1098 1875 1142 sia
1913 1098 2017 1141 fatto
2051 1114 2098 1140 5ιι

606 1181 621 1197 n
648 1160 692 1203 di
727 1160 804 1203 voi
844 1176 898 1202 un
933 1158 1042 1201 eotal
1077 1158 1317 1203 sacrificio!
1355 1161 1391 1204 Ο
1424 1162 1612 1202 Fornace
1655 1159 1879 1202 adorabile
1916 1159 1999 1202 l'ate
2033 1174 2098 1201 ar-

605 1241 618 1257 »
650 1221 750 1264 dere
774 1220 878 1264 colei
903 1220 981 1263 che
1017 1219 1163 1262 vivere
1187 1236 1269 1263 non
1307 1221 1435 1264 vuele
1469 1221 1547 1263 che
1569 1220 1684 1263 delle
1707 1229 1846 1262 vostre
1870 1218 2091 1262 flamme.»

473 1281 547 1324 98.
587 1282 699 1325 llaec
734 1282 794 1324 uti
828 1282 1010 1339 quisque
1046 1279 1158 1323 videt
1195 1282 1475 1332 continuum,
1515 1297 1562 1323 ae
1596 1282 1829 1324 vehemens
1864 1280 2095 1330 orationis,

599 1351 642 1385 et
674 1341 1047 1399 contemplationis
1092 1343 1345 1386 exercitium
1393 1342 1433 1385 in
1469 1344 1601 1387 Serva
1635 1341 1716 1384 Dei
1768 1340 2020 1391 manifeste,
2059 1349 2099 1383 et

602 1403 759 1445 invicte
793 1402 1108 1445 demonstrant.
1147 1403 1234 1446 noc
1267 1412 1411 1447 autem
1444 1402 1632 1446 admisso
1667 1401 1771 1460 qnid
1795 1417 1956 1460 quaeso
1981 1401 2100 1445 atiud

597 1462 744 1507 inferri
779 1478 832 1506 ex
866 1462 945 1505 hoc
993 1469 1166 1519 potest,
1203 1463 1282 1506 nisi
1332 1463 1409 1506 hoc
1455 1462 1574 1520 quod
1618 1463 1659 1506 in
1696 1462 1807 1506 dieta
1850 1463 1984 1506 Serva
2020 1462 2099 1505 Dei

599 1525 759 1568 nedum
796 1523 967 1566 heroica
1000 1522 1127 1565 Fides
1150 1557 1159 1573 ,
1198 1532 1241 1567 et
1279 1524 1386 1581 Spes
1418 1523 1587 1572 extitit,
1624 1523 1700 1566 sed
1748 1524 1877 1566 etiam
1914 1523 2101 1581 perfecta

596 1585 789 1630 Charitas
822 1599 923 1641 erga
957 1584 1131 1626 Deum?
1166 1584 1213 1627 Et
1262 1601 1307 1628 re
1343 1584 1433 1642 ipsa
1468 1599 1586 1635 vera,
1609 1583 1669 1627 uti
1709 1590 1953 1642 opportune
1987 1590 2102 1626 notat

596 1646 723 1690 Card.
762 1647 828 1688 De
862 1646 1054 1687 Lauraea
1090 1644 1131 1686 in
1168 1646 1194 1687 3
1228 1654 1411 1690 sentent.
1448 1645 1562 1702 disp.
1599 1646 1656 1688 32
1692 1644 1746 1688 de
1780 1644 1928 1686 virtut.
1956 1643 2097 1687 heroi-

596 1709 657 1752 cis
690 1714 771 1750 art.
810 1706 844 1748 11
880 1720 1000 1748 num.
1038 1705 1128 1748 295
1149 1732 1178 1739 -
1202 1706 1406 1750 Heroiens
1453 1713 1517 1749 est
1551 1720 1673 1749 amor
1707 1704 1883 1764 quando
1929 1703 2100 1748 fervida

596 1769 780 1812 charita-s
815 1767 1076 1810 incessanter
1109 1767 1281 1824 quaerit
1313 1769 1453 1810 Deum
1490 1766 1534 1810 in
1569 1767 1687 1810 omni
1726 1773 1918 1825 tempore
1952 1765 2007 1809 de
2030 1781 2103 1809 no—

597 1838 679 1879 ete,
717 1829 774 1872 de
808 1827 908 1879 die,
948 1827 989 1870 in
1027 1828 1145 1871 omni
1182 1827 1442 1872 loco-Cum
1483 1843 1570 1886 quo
1610 1827 1846 1872 concordat
1897 1826 2101 1870 amussim

596 1890 824 1933 Mattheue.
860 1889 900 1931 in
943 1897 1078 1946 praet.
1115 1889 1268 1933 Theol.
1295 1890 1325 1933 2
1362 1905 1462 1947 cap.
1501 1888 1580 1949 23
1613 1891 1640 1932 3
1663 1889 1720 1933 de
1753 1888 1881 1948 signis
1905 1887 2101 1931 heroicae

595 1951 812 1995 eharitatis
846 1950 886 1992 in
923 1951 1066 1993 Deum
1102 1965 1223 1993 num.
1260 1951 1336 1994 22.
1361 1975 1389 1982 -
1410 1950 1651 2008 Septimum
1677 1950 1864 2007 signum,
1903 1950 1997 2007 lpse
2022 1949 2096 2000 ait,

597 2028 648 2055 ex
683 2011 880 2062 assiduo,
919 2020 960 2053 et
996 2010 1176 2054 ferventi
1211 2012 1414 2055 orationis
1449 2021 1539 2054 tum
1569 2011 1742 2062 vocatis,
1781 2020 1871 2054 tuin
1898 2010 2101 2053 mentalis

596 2073 737 2116 studio
773 2072 1009 2115 inducitur.
1048 2073 1215 2115 Etenim
1249 2073 1385 2116 oratio
1417 2088 1469 2116 ex
1505 2073 1773 2116 Damascene
1807 2079 1867 2114 est
1904 2085 2101 2114 ascensus

598 2134 753 2177 mentis
787 2134 829 2176 in
857 2135 994 2175 Deum
1019 2141 1231 2190 quatenus
1265 2149 1392 2177 orans
1425 2133 1466 2175 in
1505 2135 1641 2175 Deum
1679 2132 1813 2175 tendit
1849 2146 1927 2188 per
1960 2132 2101 2189 cogni-

598 2195 776 2242 tionem,
813 2202 851 2236 et
888 2208 1099 2236 amorem.
1119 2194 1203 2249 Qui
1228 2196 1369 2237 Deum
1404 2193 1574 2237 heroice
1607 2193 1764 2250 diligit,
1799 2192 1855 2235 de
1880 2192 1959 2242 Eo,
1987 2191 2102 2234 Eius-

596 2271 681 2313 que
716 2254 1059 2297 perfectionibus
1082 2254 1286 2296 continuo
1311 2254 1427 2312 loqui
1462 2254 1718 2302 delectatur,
1741 2253 1840 2311 quia
1868 2252 1985 2311 iuxta
2012 2253 2100 2296 vul-

597 2323 739 2374 «ratam
777 2314 1002 2372 Regulam.
1025 2340 1057 2348 -
1079 2315 1235 2358 Anima
1281 2316 1415 2373 mauis
1447 2323 1512 2358 est.
1547 2315 1620 2358 uhi
1662 2323 1806 2364 amat,
1843 2327 1974 2372 quam
2025 2313 2099 2356 ubi

599 2377 779 2420 animat.
811 2400 837 2407 -
872 2376 916 2418 E«
967 2375 1046 2418 hoc
1081 2375 1173 2418 iure
1206 2375 1374 2433 optimo
1422 2375 1543 2419 citati
1584 2383 1777 2420 auctores
1823 2375 2095 2424 docum-‚uni

597 2436 953 2497 quandoquidem
989 2451 1042 2478 ex
1076 2435 1274 2480 doctrina
1300 2436 1494 2495 §agelici
1526 2438 1579 2479 Ι).
1605 2438 1823 2495 211uae.st
1852 2437 1911 2479 83
1935 2445 2014 2480 ait.
2044 2436 2100 2478 ’1)

600 2500 642 2541 in
666 2515 786 2556 e·.oip
807 2496 1050 2541 -Procedit
1075 2498 1211 2540 oratio
1236 2514 1258 2541 a
1283 2498 1504 2542 charitate.
1522 2499 1606 2540 -Et
1633 2514 1688 2541 ex
1712 2497 1923 2540 sententia
1948 2498 1992 2540 S.
2021 2498 2099 2541 130-

599 2569 878 2603 naventurae.
898 2558 1097 2601 -0mnis
1129 2558 1308 2610 tructus,
1330 2568 1372 2602 et
1402 2558 1497 2603 linis
1521 2574 1570 2601 οι·
1573 2560 1765 2602 ationis
1765 2567 1811 2601 st
1834 2559 1929 2600 Deo
1948 2558 2100 2602 adhae-

600 2637 707 2672 rere,
746 2635 880 2664 unum
915 2634 1011 2662 cum
1049 2620 1107 2662 Eo
1132 2619 1341 2677 Spiritum
1378 2619 1674 2679 fieri-Atque
1709 2619 1866 2663 idcireo
1896 2618 1952 2662 de
1986 2618 2098 2663 dicto

597 2681 801 2725 orationis
829 2680 971 2724 studio
1001 2682 1160 2725 Servae
1194 2681 1274 2724 Dei
1309 2681 1474 2725 Sororis
1515 2682 1669 2725 Mariae
1706 2681 1763 2724 ab
1800 2681 2099 2723 hicat-natione

597 2742 798 2787 affirmari
834 2743 925 2785 iure
961 2750 1098 2800 potest
1130 2757 1228 2786 eum
1262 2743 1307 2786 S.
1330 2743 1487 2786 {eamne
1510 2742 1815 2801 Chrysostomo
1838 2742 1946 2799 Cap.
1975 2742 2102 2785 11110-

596 2804 689 2847 mil.
724 2804 766 2847 in
804 2806 935 2846 Actus
957 2804 1203 2862 ⁴apostolor.
1227 2805 1371 2861 Ipsum
1393 2803 1532 2862 Magni
1558 2803 1717 2847 amoris
1752 2817 1959 2861 magnum
1991 2801 2102 2846 indi-

596 2865 707 2908 cium
746 2864 889 2909 luisse.
