2616 3584
2023 274 2083 318 δῦ

569 366 585 386 ι
612 346 689 390 che
723 345 764 389 vi
801 345 856 389 Ιιυ
889 345 1201 390 abbandonam
1236 361 1311 403 per
1344 359 1465 389 amor
1507 360 1586 390 suo
1631 345 1672 389 iu
1710 360 1767 389 un
1820 355 1970 404 tempo
2017 347 2084 391 ue!

573 427 587 445 ι·
618 407 761 467 quate,
800 407 985 451 secondo
1019 407 1058 450 te
1092 407 1257 465 ragioni
1292 421 1466 457 umauc,
1501 414 1683 450 avt-vate
1716 405 1789 464 piu
1824 406 2008 465 bisogno
2041 407 2086 452 di

566 488 581 507 ι
611 482 699 511 me.
741 467 899 518 tnfuui,
926 482 986 517 se,
1026 481 1103 524 per
1135 467 1304 525 scguire
1338 467 1555 526 l'impuiso
1590 467 1701 511 delia
1737 467 1877 521 grazia
1913 468 1970 511 tiu
2000 466 2091 511 dat-

567 548 583 566 ·
613 529 636 573 l'
660 527 841 572 infunzia
876 535 1033 577 vostra,
1059 542 1185 571 senza
1221 527 1417 571 lasciarvi
1453 527 1560 571 altro
1595 537 1792 585 sostegno
1825 530 1905 572 che
1940 528 1978 572 ia
2011 544 2086 573 sua

574 610 588 628 .
617 604 723 647 pura
763 586 1085 638 Provvideuza,
1126 587 1214 645 Egii
1261 587 1298 631 vi
1339 589 1392 632 ha
1440 595 1584 632 tenuta
1628 588 1738 631 neila
1779 603 1851 631 sua
1903 597 2086 648 paterna

570 670 586 688 ι
614 648 877 708 protezione.
904 669 919 686 ι
958 648 1128 705 Quibus
1163 649 1205 691 iu
1240 648 1432 692 medium
1471 648 1689 707 productis
1724 650 1779 693 ita
1815 650 1957 705 arguit
1991 649 2082 694 Ad-

559 710 769 754 versarius
804 710 1204 766 praestantissimus.
1245 711 1570 768 praeposterum
1615 725 1714 753 sane
1758 709 1969 767 arguendi
2018 726 2083 755 rn-

567 772 759 817 tionem:
796 769 915 828 qnod
950 770 1066 814 cuim
1103 772 1218 813 Deus
1253 769 1479 828 puerulum
1516 769 1764 828 protexerit,
1803 779 1843 813 et
1877 771 1919 812 in
1955 771 2084 816 devia

567 831 853 875 declinantem
887 831 941 876 ad
978 832 1091 875 viam
1126 839 1286 874 rectam
1323 830 1559 882 reduxerit,
1583 837 1785 889 poteritne
1818 831 1912 874 eius
1946 832 2088 888 provi-

564 892 739 936 dentiae
773 891 1069 943 tribuendum
1107 900 1148 935 at
1185 908 1266 935 nou
1302 892 1399 936 ideo
1433 891 1635 940 charitas,
1658 890 1833 941 iustitia,
1857 892 2088 948 prudentia

566 954 713 997 matris
747 953 1076 996 commendatur
1110 968 1222 1012 quae
1258 953 1391 996 fitium
1429 953 1469 995 in
1506 952 1753 1010 proximum
1790 953 1964 996 animae
1997 967 2090 995 cor·

563 1013 766 1073 poi-isque
800 1011 1027 1058 tia-riman
1062 1029 1135 1057 sua
1170 1014 1449 1058 derelictione
1484 1012 1681 1057 adduxit.

690 1073 794 1117 408.
821 1073 1024 1133 Quisquis
1049 1074 1087 1117 in
1117 1075 1259 1133 piena,
1277 1083 1406 1132 atque
1430 1073 1678 1118 omnimoda
1696 1072 1934 1132 ignorantia
1955 1073 2083 1127 vitae,

568 1150 804 1194 rerumque
852 1150 873 1177 a
916 1139 1050 1180 Serva
1089 1136 1162 1180 Dei
1197 1137 1351 1179 Son-ore
1387 1135 1515 1178 Maria
1548 1134 1604 1177 ab
1638 1135 1932 1178 ineat-mitione
1980 1150 2081 1177 cou-

562 1196 736 1240 stitutus
775 1195 1021 1239 huiusmodi
1063 1196 1492 1240 Animadversionem
1535 1194 1760 1253 perit-gerit
1786 1229 1795 1245 ‚
1825 1194 2016 1252 profecto
2048 1194 2090 1237 in

568 1257 727 1315 egregii
762 1257 957 1300 Censoris
1002 1257 1134 1301 nostri
1170 1257 1432 1300 senteutiam
1466 1256 1715 1305 descendet,
1744 1265 1783 1299 et
1822 1254 1972 1299 saitem
2006 1253 2089 1297 du-

564 1319 687 1362 bium
714 1316 890 1376 aliquod
916 1318 957 1361 in
979 1327 1124 1362 mente
1157 1335 1231 1361 sua
1264 1318 1476 1377 concipiet
1499 1318 1554 1361 de
1580 1317 1723 1377 atiquo
1759 1316 1993 1365 vimritatis,
2020 1314 2090 1358 iu-

564 1379 704 1422 stitiae
729 1388 767 1422 et
794 1378 1050 1436 prudentiae
1083 1379 1255 1423 defectu
1277 1378 1317 1422 in
1353 1379 1507 1434 agendi
1544 1379 1708 1422 ratione
1745 1379 1785 1421 in
1823 1376 1982 1420 Eadem
2011 1375 2088 1419 Dei

566 1440 744 1484 Famula
779 1438 911 1483 relate
946 1440 999 1483 ud
1034 1439 1279 1484 huiusmodi
1315 1440 1411 1483 Fiiii
1447 1440 1510 1483 sui
1545 1439 1889 1483 derelictionem.
1933 1440 2091 1480 ven-nm

567 1502 610 1545 id
645 1499 825 1559 oedepoi
858 1501 866 1541 !
904 1517 987 1544 non
1022 1502 1240 1559 continget
1265 1501 1313 1544 iis
1337 1500 1542 1545 otnuibus
1565 1501 1637 1558 qui
1664 1509 1847 1549 mature,
1875 1508 2004 1557 atque
2028 1506 2089 1541 at-

566 1569 681 1605 tente
719 1563 848 1604 vitam
883 1563 1043 1605 Sorvae
1080 1562 1157 1606 Dei
1194 1562 1441 1619 perit-gerit,
1467 1572 1598 1619 atque
1634 1560 1808 1619 insuper
1843 1568 1973 1603 testes
1999 1559 2091 1602 iilos

566 1622 753 1667 audierit
774 1621 848 1680 qui
875 1622 915 1666 in
941 1622 1097 1681 tripiici
1122 1623 1405 1681 {nquisitione
1428 1622 1700 1677 Quebeccnsi
1722 1621 1853 1680 rogati
1877 1620 1935 1663 de
1959 1621 2092 1663 Fama

567 1684 831 1731 sanctitatis,
859 1682 914 1726 de
937 1683 1119 1727 heroicis
1155 1684 1272 1725 iliius
1308 1683 1539 1726 virtutibus
1574 1683 1724 1730 mutia.
1763 1696 1901 1739 eaque
1946 1680 2092 1736 gravia

566 1760 642 1803 pro
677 1743 858 1786 veritate
891 1743 1140 1787 edixerunt.
1163 1743 1379 1799 Quoniam
1407 1758 1505 1786 vero
1528 1742 1641 1787 dicta
1664 1742 1888 1786 difficultas
1911 1742 2090 1785 alieuius

567 1804 770 1863 ponderis
804 1804 920 1862 apud
955 1806 1187 1848 nonnullos
1222 1814 1355 1861 posset
1395 1819 1619 1862 apparere,
1656 1804 1752 1847 iiiuc
1788 1817 1871 1846 unu
1905 1802 1988 1845 erit
2011 1802 2089 1846 abs

569 1882 614 1909 re
648 1874 695 1908 ut
728 1864 770 1908 iu
806 1880 856 1907 en
889 1865 1091 1909 diluenda
1126 1865 1287 1909 diutius
1320 1866 1529 1909 ius'stam.

691 1926 796 1968 409.
836 1927 884 1968 Et
931 1927 1074 1983 primo
1117 1926 1292 1985 quidem
1344 1926 1551 1969 indirecte
1586 1942 1679 1969 eam
1716 1939 1976 1983 oppugnans
2016 1923 2092 1967 ad-

569 1995 669 2030 noto
705 1987 822 2045 quod
855 1988 887 2029 si
921 1987 1172 2031 Adversarii
1208 1988 1337 2031 nostri
1364 1987 1520 2030 iudicio
1544 1986 1746 2031 standum
1771 1992 1899 2033 esset,
1927 1983 2088 2027 Eadem

567 2050 700 2092 Serva
752 2048 831 2090 Dei
879 2047 1037 2091 nedum
1073 2049 1253 2092 heroicis
1286 2057 1433 2091 ornata
1470 2048 1702 2091 virtutibus
1736 2045 1922 2091 dicenda
1964 2053 2089 2096 esset,

568 2117 700 2167 atque
733 2125 782 2152 ea
816 2108 871 2151 de
905 2125 1027 2152 eausa
1062 2110 1152 2153 aliis
1188 2110 1248 2152 uti
1283 2112 1531 2167 exemptum
1574 2109 1630 2153 ad
1677 2107 1937 2151 imitandum
1991 2121 2090 2163 pro-

570 2169 801 2229 ponenda,
839 2170 913 2213 sed
950 2170 1093 2228 potius
1128 2170 1260 2213 veluti
1298 2179 1435 2214 mater
1478 2170 1756 2213 humanitatis
1800 2183 1926 2211 sensu
1961 2166 2092 2210 desti-

572 2240 679 2282 tuta,
719 2231 804 2274 imo
839 2230 1023 2274 crudetis
1055 2232 1111 2275 ab
1144 2232 1349 2274 omuibus
1383 2239 1490 2273 esset
1525 2231 1617 2273 iure
1646 2231 1811 2290 optimo
1842 2226 2089 2272 retinenda.

570 2292 614 2338 Si
647 2292 781 2339 enim.
811 2291 870 2334 uti
907 2293 1008 2334 Eam
1045 2300 1369 2351 repraesentare
1402 2291 1545 2335 studet
1578 2294 1742 2336 Censor
1778 2298 1939 2340 noster,
1969 2303 2096 2332 mun-

570 2352 730 2398 danam
765 2360 805 2396 et
839 2352 1099 2397 saecularem
1135 2354 1268 2396 vitam
1293 2362 1504 2411 pertaesa,
1522 2360 1570 2395 ut
1593 2368 1693 2396 suae
1728 2351 1897 2395 utilitati
1935 2349 2099 2408 prospi-

573 2422 687 2457 ceret
715 2413 1008 2457 accommodo
1032 2414 1274 2462 inserviret,
1298 2414 1464 2472 ingredi
1502 2414 1686 2457 claustra
1721 2412 1954 2461 statuisset,
1995 2411 2098 2454 nul-

576 2475 615 2519 Ιο
650 2476 705 2518 ad
741 2474 878 2518 titium
914 2491 1040 2518 suum
1092 2476 1240 2519 habito
1289 2484 1486 2534 respectu
1538 2476 1610 2533 qui
1647 2475 1729 2518 iam
1766 2473 2016 2519 adolescens
2054 2472 2098 2515 in

574 2536 678 2579 vitia
715 2536 875 2579 facilius
909 2536 1171 2586 ‹lectiam-et,
1210 2544 1324 2579 certe
1358 2537 1453 2579 tatis
1488 2536 1643 2593 agendi
1691 2536 1799 2578 ratio
1847 2548 1931 2576 uon
1979 2540 2092 2575 essct

573 2597 951 2641 commendatione
985 2597 1114 2655 digna
1136 2631 1147 2649 ‚
1188 2597 1273 2640 imo
1306 2595 1548 2654 egoismum
1591 2598 1777 2654 sapiens,
1806 2601 1918 2636 esset
1952 2593 2094 2652 potius

575 2658 859 2701 vehementer
893 2659 1198 2717 improbanda.
1239 2660 1292 2701 At
1326 2673 1411 2700 non
1448 2657 1502 2699 ita
1551 2657 1790 2701 indicarum
1837 2656 1893 2698 do
1937 2654 2096 2714 agendi

576 2719 741 2762 ratione
774 2720 939 2763 Soron-is
974 2720 1130 2763 Mariae
1164 2719 1222 2762 ab
1257 2718 1552 2762 incarnatione
1587 2734 1641 2777 qu
1666 2727 1799 2776 »aptot
1833 2718 1985 2767 vitam,
2013 2731 2098 2759 res-

577 2796 662 2840 que
697 2780 937 2839 praeclaras
987 2781 1044 2823 ab
1093 2782 1149 2823 Ea
1184 2790 1321 2837 gestas
1356 2780 1555 2838 apprime
1590 2786 1818 2821 neverunt.
1850 2778 1998 2836 Atque
2032 2776 2100 2821 hic

576 2857 631 2884 ne
665 2851 806 2885 aetum
844 2842 1002 2885 iterum
1039 2857 1161 2899 agam
1198 2842 1254 2884 ab
1288 2841 1334 2884 iis
1358 2841 1703 2898 depositionibus
1732 2839 2004 2898 proferendis
2024 2839 2100 2881 ab·

575 2902 713 2947 stineo
746 2917 859 2962 quae
908 2903 1124 2961 praefatae
1168 2903 1327 2947 Seu-vae
1376 2902 1456 2945 Dei
1501 2902 1719 2945 heroicam
1768 2901 1809 2943 in
1851 2899 2108 2944 Proximum

2565 535 2585 1125 *fia-..zahzzh-‚a—mtaemrssfflq-az
2571 458 2577 519 ⁶
2574 419 2577 447 w
2574 376 2577 379 <
2565 350 2568 352 ⁴
2566 306 2578 331 -2
2574 274 2577 294 —-
