2656 3600
1961 311 1991 354 9

456 374 617 436 1ectum
653 392 881 443 notaverit,
906 391 973 435 vel
1012 405 1097 433 non
1131 390 1246 432 bene
1279 386 1444 446 aliqui-1
1477 395 1623 431 contra
1646 387 1790 445 Ipsam
1817 383 1987 428 locutus

460 453 537 503 sit,
575 451 652 495 sed
684 467 707 495 e
739 461 887 497 contra
924 452 986 495 uti
1024 466 1076 494 ex
1111 449 1309 494 adductis
1359 447 1568 506 exemplis
1616 447 1663 491 tit
1701 444 1984 489 manifestum

463 528 617 557 omnes
649 521 862 572 quotquot
893 514 998 556 Eam
1034 518 1239 555 noverant
1262 508 1450 553 maxima
1473 516 1516 552 et
1537 508 1665 552 miral
1685 507 1754 551 'iia
1777 506 1832 550 de
1853 504 1993 548 heroi-

464 574 520 617 cis
553 574 754 618 Eiusdem
781 573 1027 626 virtutibus,
1054 572 1108 616 de
1131 571 1373 630 insignibus
1406 570 1523 614 lllius
1546 567 1877 612 charismatibus
1899 564 1989 609 edi-

463 641 637 685 xerunt,
676 635 785 677 inter
819 649 925 692 quos
961 633 1088 677 multi
1133 638 1417 677 numerantur
1450 630 1638 689 pietate,
1681 627 1911 674 doctrina,
1949 633 1993 670 et

466 695 725 739 discretione
759 695 988 753 spirituum
1023 694 1228 752 insignes,
1255 702 1296 736 et
1330 692 1449 752 quod
1483 690 1616 749 pluris
1648 696 1729 740 est,
1756 688 1799 731 in
1834 686 1994 755 admit-

469 755 615 806 tenda,
643 763 686 798 et
719 755 978 799 declaranda
1013 754 1220 813 singulari
1254 752 1419 799 Sororis
1441 750 1598 796 Mariae
1620 752 1676 794 ab
1698 752 1995 793 lncarnatione

469 815 704 860 Sanctitate
738 816 1001 860 unanimiter
1033 822 1331 859 convenerunt
1364 813 1492 857 ctiam
1526 812 1608 855 viri
1641 811 1702 854 illi
1735 808 1889 868 quovis
1913 808 1996 850 sub

468 882 663 933 respectu
692 877 992 934 spectatissimi
1016 877 1091 934 qui
1115 875 1290 920 aliunde
1304 876 1414 919 inter
1430 890 1474 918 se
1497 872 1731 917 concordes
1754 870 1843 913 fere
1866 881 1991 937 num-

470 952 604 995 quam
629 936 791 980 inventi
814 946 926 981 suut.
955 936 1211 981 Huiusmodi
1246 952 1376 994 porro
1409 935 1585 979 suerunt
1612 930 1884 998 celeberrimi
1908 927 1995 998 duo

472 998 532 1040 illi
551 997 764 1040 Ecclesiae
782 999 1001 1055 praesules
1022 998 1211 1041 Fenelon
1231 1005 1273 1040 et
1292 1000 1471 1041 Bossuet
1489 994 1563 1053 qui
1583 993 1778 1038 certatim
1798 998 1842 1033 ut
1862 997 1920 1032 ita
1939 988 2000 1033 di-

473 1072 567 1101 cam
592 1056 635 1099 in
659 1057 943 1102 collaudanda
967 1067 1010 1102 et
1032 1057 1212 1101 summis
1236 1056 1483 1101 extollenda
1507 1055 1713 1099 laudibus
1736 1053 1874 1096 dictae
1897 1051 1996 1095 Ser-

473 1133 553 1161 vae
575 1117 659 1160 Dei
682 1118 916 1163 Sanctitate
940 1119 1203 1162 adlaborare
1227 1118 1306 1162 visi
1329 1124 1445 1160 sunt.
1467 1115 1594 1172 Quod
1629 1114 1817 1173 perfecto
1850 1126 1904 1153 ex
1934 1126 2000 1154 sa-

475 1195 552 1222 nae
575 1177 741 1222 critices
765 1180 920 1237 regulis
945 1179 1212 1223 validissimo
1246 1185 1502 1237 argumento
1526 1184 1589 1219 est
1611 1175 1667 1219 ad
1691 1190 1783 1217 rem
1806 1179 1999 1240 nostram

476 1239 862 1284 demonstrandam
886 1256 938 1284 ex
963 1240 1125 1297 duplici
1161 1240 1232 1282 illo
1267 1238 1477 1282 Lactantii
1509 1235 1717 1279 Firmiani
1741 1241 1917 1280 assei-te,
1938 1246 2004 1300 vi-

475 1299 653 1350 delicet,
691 1301 805 1358 quod
843 1308 958 1344 tanta
992 1308 1056 1344 est
1090 1299 1284 1343 veritatis
1318 1299 1410 1350 vis,
1451 1307 1498 1342 ut
1531 1298 1620 1356 ipsa
1653 1297 1721 1340 vel
1756 1296 1811 1338 ab
1858 1294 2004 1361 invitis

476 1360 723 1418 pectoribus
756 1361 1019 1419 quaudoque
1065 1369 1263 1419 crumpat
1292 1378 1301 1412 3
1339 1368 1469 1417 atque
1504 1358 1677 1415 iusuper
1708 1378 1721 1395 «
1753 1353 1869 1414 quod
1906 1361 2005 1395 sans

482 1420 658 1463 lirnium
693 1429 755 1463 est
789 1429 1094 1478 argumentum
1130 1420 1183 1464 ad
1220 1421 1492 1480 probandam
1537 1418 1762 1462 veritatem
1799 1413 1917 1476 quod
1951 1413 2005 1456 ab

479 1481 580 1539 ipsis
615 1481 872 1538 perhibetur
906 1482 1105 1525 inimicis.
1132 1503 1145 1520 υ

606 1541 680 1583 16.
718 1543 778 1585 Ex
812 1542 971 1600 quibus
1005 1544 1208 1585 omnibus
1227 1543 1325 1586 satis¹
1348 1556 1565 1599 superque
1582 1549 1744 1584 constat
1764 1556 1848 1583 non
1875 1541 2006 1586 modo

482 1602 652 1645 nullum
687 1603 836 1645 dolum
872 1605 1054 1653 malum,
1091 1603 1165 1646 sed
1202 1619 1278 1645 uec
1314 1603 1540 1645 minimam
1574 1601 1835 1658 culpabilem
1872 1603 2007 1660 negli-

477 1663 670 1720 gentiam
726 1663 766 1705 in
815 1663 1028 1720 praesenti
1083 1680 1182 1707 casu
1239 1663 1428 1706 extitisse
1491 1663 1526 1704 si
1575 1662 1702 1719 primi
1752 1663 2008 1706 auctoritate

480 1723 710 1766 Ordiuaria
747 1726 974 1768 processus
1021 1725 1186 1768 tamdiu
1220 1722 1341 1767 dilati
1375 1723 1486 1765 sunti
1521 1722 1657 1767 donec
1689 1722 1795 1765 nulli
1830 1723 1880 1766 de
1924 1724 2010 1767 visu

485 1792 615 1827 testes
647 1793 952 1841 superessent,
989 1784 1067 1827 sed
1101 1785 1242 1842 potius
1278 1785 1319 1828 in
1355 1784 1462 1827 votis
1496 1783 1626 1827 fuisse
1670 1784 1867 1827 omnium
1918 1783 2010 1828 sive

483 1844 886 1888 Sanctimonialium
920 1845 1286 1901 Quebecensium,
1309 1845 1401 1889 sive
1434 1844 1572 1888 dietae
1596 1844 1788 1888 Civitatis
1810 1844 2011 1903 Episcopi

487 1904 579 1948 sive
612 1905 761 1963 populi
795 1906 1061 1949 Canadensis
1109 1906 1162 1950 ad
1198 1903 1276 1949 lioc
1311 1916 1356 1950 ut
1397 1906 1560 1949 Eadem
1594 1907 1725 1950 Serva
1767 1905 1849 1948 Dei
1880 1905 2012 1948 Soror

484 1965 616 2008 Maria
652 1966 708 2008 ab
741 1967 1040 2010 'incarnatione
1072 1968 1213 2027 Quam
1250 1967 1290 2009 in
1325 1966 1454 2010 coelis
1476 1973 1729 2023 regnantem
1757 1980 1909 2009 omnes
1934 1981 2014 2024 pro

485 2033 601 2069 certo
637 2028 859 2077 tenebant,
886 2028 941 2071 ad
976 2030 1190 2084 Superum
1227 2028 1412 2071 honores
1445 2027 1716 2078 eve-heretum
1734 2027 1852 2085 quod
1887 2026 1921 2069 si
1955 2027 2011 2070 ad

486 2086 590 2130 haec
619 2102 753 2146 usque
779 2096 972 2146 tempora
998 2088 1196 2139 dilatum,
1220 2088 1265 2132 id
1288 2089 1416 2132 unice
1451 2089 1731 2132 tribuendum
1768 2087 1905 2130 tribus
1933 2087 2015 2130 illis

486 2147 751 2205 gravissimis
784 2164 928 2192 rerum
965 2149 1181 2193 adiunctis
1214 2149 1298 2192 iam
1333 2149 1679 2193 commemoratis
1712 2148 1886 2192 scilicet.
1916 2168 1932 2186 α
1957 2149 2015 2191 Le

494 2227 511 2246 ι
541 2207 748 2252 difficolta
781 2208 895 2252 delle
928 2210 1286 2262 comunicazioni,
1315 2211 1355 2254 le
1388 2225 1543 2268 guerre
1577 2225 1601 2253 e
1635 2210 1708 2268 piu
1743 2208 1786 2252 di
1823 2217 1951 2259 tutto,
1980 2209 2018 2253 la

494 2288 510 2307 ι»
541 2268 632 2311 loro
665 2277 850 2312 estrema
885 2272 1064 2327 poverta
1099 2286 1295 2314 avevano
1329 2272 1434 2314 fatto
1462 2272 1707 2315 rimandare
1731 2278 1884 2329 queste
1919 2285 2017 2327 pra—

496 2350 512 2367 »
545 2329 655 2372 ticlie
692 2329 1073 2391 (Canonizationis)
1109 2348 1131 2374 a
1166 2332 1300 2389 tempi
1334 2332 1411 2390 piii
1454 2331 1636 2391 propizii
1666 2353 1682 2371 ιι
1722 2331 1782 2373 uti
1816 2331 1916 2374 scite
1945 2330 2019 2374 de-

488 2390 612 2447 ponit
668 2392 804 2435 Testis
837 2393 953 2435 Xlll.
994 2393 1117 2447 Quae
1150 2392 1332 2450 quidem
1380 2393 1596 2451 propitia,
1642 2393 1729 2436 imo
1773 2399 2019 2449 opportuna

494 2459 690 2508 tempora
726 2452 929 2495 videntur
976 2469 1070 2496 esse
1103 2460 1248 2496 nostra
1311 2468 1424 2514 quae
1473 2455 1567 2497 licet
1604 2453 1646 2498 in
1700 2469 1746 2497 se
1796 2452 1941 2503 mala,
1979 2461 2021 2495 et

496 2512 703 2556 anteactis
736 2513 868 2556 ctiam
905 2515 1053 2571 peiora
1075 2549 1084 2565 ,
1126 2522 1317 2558 attamen
1351 2515 1430 2558 hac
1464 2515 1555 2573 ipsa
1589 2515 1645 2559 de
1676 2529 1801 2558 causa
1835 2512 2021 2571 propitia

498 2573 638 2631 magis
672 2582 713 2616 et
746 2582 994 2632 opportuna
1029 2575 1339 2619 Introductioni
1373 2576 1535 2619 Causae
1568 2577 1728 2620 Servae
1751 2574 1831 2619 Dei
1855 2573 2022 2618 Sororis

495 2635 655 2677 Mariae
699 2635 753 2678 ab
802 2636 1101 2679 lncarnatione
1144 2636 1533 2696 quandoquidem,
1574 2637 1636 2680 uti
1670 2636 1754 2680 iam
1798 2634 1841 2676 in
1885 2634 2021 2677 lusor-

495 2696 690 2738 matione
722 2695 1049 2748 adnotaveram,
1077 2713 1163 2740 non
1190 2697 1282 2740 sinc
1306 2697 1482 2741 divinae
1517 2697 1821 2741 Providentiae
1844 2695 2022 2739 consilio

495 2755 657 2800 factum
693 2772 784 2800 esse
818 2757 990 2802 videtur
1023 2766 1070 2801 ut
1103 2758 1352 2802 huiusmodi
1375 2758 1511 2802 Causa
1545 2758 1601 2802 ad
1625 2760 1728 2804 haec
1751 2772 1886 2815 usque
1915 2765 2023 2800 tem-

496 2833 602 2876 pora
622 2817 751 2861 suerit
767 2818 901 2862 dilata
919 2820 1020 2878 quia
1038 2819 1242 2863 videlicet
1275 2819 1317 2862 in
1352 2818 1541 2878 praefata
1557 2821 1691 2865 Serva
1705 2818 1796 2862 'Dei
1815 2818 2023 2861 invictum

497 2887 804 2936 argumentum
840 2880 1069 2932 habemus,
1087 2881 1188 2938 quia
1224 2896 1278 2924 ex
1312 2881 1421 2924 lacto
1445 2881 1661 2934 derivans,
1683 2881 1740 2925 ad
1773 2895 1820 2924 os
1852 2880 2025 2923 obstru-

498 2940 662 2985 endum
699 2941 868 2984 illorum
902 2941 1130 2985 hominum
1178 2942 1415 2998 impiorum
1464 2943 1539 3001 qui
1588 2942 1853 2987 Catholicam
1907 2939 2025 2984 Reli-

1746 3016 1776 3060 2
