2648 3600
2012 292 2072 337 27

584 366 748 416 ximum
771 365 891 412 Fidei
926 365 1065 411 locum
1099 365 1205 424 Spes
1227 365 1436 416 obtineat,
1474 364 1599 408 huius
1632 364 1694 409 rei
1719 363 1929 409 rationem
1953 364 2071 410 idem

587 429 760 472 Ductor,
780 427 997 485 assignans
1031 425 1073 469 in
1108 425 1186 471 tib.
1221 425 1279 470 de
1309 426 1437 472 Civit.
1476 425 1600 470 Dei-
1630 424 1732 491 quia
1764 424 1921 472 seilicet
1954 427 2074 485 prius

591 496 652 531 est
683 502 809 531 sanos
841 487 985 531 oeulos
1007 485 1181 534 habere.
1218 485 1337 545 quod
1362 484 1406 530 sst
1442 501 1520 546 per
1553 485 1701 538 iidem,
1739 484 1942 544 deinceps
1963 487 2077 545 aspi-

586 563 682 593 cere
703 581 713 600 ,
750 546 866 606 quod
910 546 958 596 fit
1002 561 1079 604 per
1109 560 1229 603 spem
1260 570 1289 579 -
1321 546 1558 605 Eupropter
1589 548 1745 590 merito
1777 563 1801 590 a
1834 546 2080 591 Patribus-

588 608 813 666 puichrum
846 606 964 651 Fidei
1000 621 1177 664 germen
1211 606 1451 665 appellatur
1483 615 1527 650 et
1560 605 1748 651 vividius
1781 606 1910 651 etiam
1934 624 1958 654 a
1980 608 2078 652 Cte-

589 677 734 717 mente
769 666 1057 719 Alexandrino
1092 666 1170 710 tib.
1196 668 1208 710 Ι
1232 666 1393 724 Pedag.
1432 683 1527 725 cap.
1571 668 1613 710 6.
1644 694 1673 704 -
1706 668 1889 725 Sanguis
1922 668 2080 712 dicitur

588 728 706 773 Fidei
742 728 784 771 in
816 744 900 787 qua
948 727 1194 771 continetur
1225 728 1358 771 veluti
1401 743 1558 786 corpus
1590 727 1644 770 ab
1687 728 1849 771 anima.
1894 755 1918 763 -
1951 728 2078 773 Unde

590 790 644 832 D.
672 788 919 833 Bernartius
952 788 992 831 in
1016 803 1213 833 sermone
1245 788 1300 832 de
1333 786 1533 831 Passieno
1569 786 1743 830 Domini
1779 787 1871 832 sine
1893 789 2078 845 ambage

588 848 815 892 affin-mavit
846 848 962 907 quod
983 849 1244 904 -Quantum
1280 848 1461 907 quisque
1494 847 1647 897 credit,
1689 855 1854 891 tantum
1883 858 2042 905 sperat.

467 909 542 953 49.
579 908 699 963 Quae
731 924 829 952 cum
865 910 919 952 ita
952 909 1035 952 sint
1070 924 1236 966 possem
1276 924 1345 953 me
1394 907 1541 967 utique
1575 924 1598 951 a
1630 908 1968 952 demonstranda
2002 910 2079 952 he-

593 970 702 1012 roica
734 970 892 1014 Sorvae
925 969 1006 1013 Dei
1054 969 1141 1026 Spe
1173 970 1393 1019 eximere,
1430 968 1681 1028 praesertim
1721 968 1822 1027 quia
1861 968 1922 1012 uti
1962 977 2084 1015 notat

587 1029 793 1073 Seacchus
816 1029 870 1073 de
891 1030 988 1073 Not.
1015 1037 1057 1072 et
1090 1029 1220 1088 signis
1252 1028 1431 1074 Sanctit.
1457 1045 1541 1073 sec.
1564 1032 1590 1073 3
1624 1045 1719 1088 cap.
1737 1031 1767 1074 2
1788 1044 1841 1073 ex
1867 1028 1915 1072 iis
1948 1029 2085 1073 omui-

588 1089 669 1133 bus
700 1105 812 1148 quae
834 1089 887 1134 ad
910 1089 1125 1134 heroicam
1164 1090 1344 1134 alieuius
1376 1090 1497 1134 Servi
1544 1090 1624 1133 Dei
1658 1089 1808 1134 Fidem
1851 1090 2082 1133 adstruen-

590 1148 687 1194 dam
724 1150 888 1208 prolata
921 1158 1058 1201 sunt,.
1084 1154 1175 1209 spei
1209 1166 1408 1209 quaeque
1439 1151 1726 1207 Theologieae
1760 1150 1985 1194 heroicitas
2008 1151 2085 1195 dc-

589 1208 684 1254 duci
720 1210 833 1255 faciti
869 1212 1040 1269 negotio
1073 1219 1226 1269 potest.
1262 1211 1439 1255 Omissis
1473 1220 1616 1255 tamen
1660 1210 1907 1255 huiusmodi
1940 1211 2085 1254 conie-

591 1270 737 1322 ciui-is,
774 1287 848 1315 seu
873 1272 1015 1330 potius
1050 1271 1331 1324 finitionibus,
1372 1280 1459 1315 tum
1483 1272 1585 1331 quia
1620 1271 1661 1315 in
1697 1271 1774 1315 hac
1808 1270 1957 1315 iudicii
1980 1271 2085 1315 sede

590 1339 632 1373 et
664 1331 896 1376 constitum
928 1332 1148 1389 sapienter
1178 1333 1246 1383 sit,
1273 1341 1312 1376 et
1350 1348 1439 1375 mos
1474 1332 1703 1376 invaluerit
1738 1340 1783 1375 ut.
1816 1332 1871 1375 de
1904 1331 2083 1390 singuiis

595 1391 829 1435 virtutibus
862 1392 950 1435 sive
982 1392 1251 1449 Theologieis
1283 1394 1374 1436 sive
1407 1393 1713 1437 Cat-dinaiibus
1747 1392 1947 1436 distinete
1983 1409 2082 1449 aga-

593 1460 687 1503 tur,
725 1460 818 1495 tum
853 1452 954 1510 quia
991 1468 1074 1496 non
1108 1468 1267 1510 paucae
1298 1461 1529 1511 suppetant
1575 1454 1742 1496 testium
1793 1452 2084 1511 depositiones

592 1526 644 1555 ex
676 1511 835 1570 quibus
866 1511 965 1556 satis
1002 1512 1177 1556 abunde
1205 1513 1401 1558 heroicae
1432 1513 1522 1570 spei
1560 1513 1696 1557 virtus
1730 1513 1771 1556 in
1805 1511 1918 1556 dicta
1955 1514 2088 1557 Seu-xa

594 1573 672 1616 Dei
716 1572 764 1616 fit
809 1573 1065 1624 manifesta,
1119 1574 1323 1617 nonnulla
1373 1575 1538 1631 potiora
1588 1582 1842 1631 argumenta
1886 1588 1995 1631 (fluite
2028 1574 2083 1616 ad

591 1631 728 1677 dictae
762 1633 934 1678 virtutis
977 1634 1245 1677 existentiam
1293 1643 1335 1678 et
1369 1634 1661 1678 heroic-itatem
1700 1633 2084 1677 den'ionstrandum

592 1693 743 1738 idonea
777 1702 902 1739 erunt
938 1694 978 1737 in
1014 1693 1205 1740 medium
1240 1694 1493 1753 producam,
1520 1695 1728 1753 explicata
1754 1693 1797 1738 in
1820 1703 2085 1737 antecessum

591 1755 689 1812 Spei
721 1754 1004 1813 Theologicae
1037 1755 1227 1800 notione..

471 1813 545 1858 50.
581 1816 678 1872 Spei
697 1815 979 1874 'l'heoiogicae
1002 1816 1199 1859 definitio
1218 1817 1453 1860 accuratior
1486 1816 1530 1860 ni
1554 1815 1690 1868 failor,
1728 1815 1831 1859 hacc
1854 1823 1919 1859 ost
1940 1842 1968 1849 -
1983 1817 2087 1860 Cei·-

590 1882 631 1918 ta
663 1877 901 1934 expectatio
935 1877 1107 1920 futurae
1139 1877 1417 1921 beatitudinis
1449 1894 1502 1921 ex
1535 1877 1686 1935 gratia,
1724 1884 1767 1920 et
1799 1876 1964 1920 meritis
1988 1891 2085 1933 pro-

595 1936 785 1981 veniens.
805 1961 835 1969 —
871 1936 994 1981 Ratio
1030 1952 1132 1980 vero
1164 1947 1223 1982 est
1259 1938 1360 1998 quia
1395 1940 1536 1982 Passio
1568 1938 1797 1989 Christi,e2
1834 1936 1997 1980 infinita
2030 1937 2086 1979 ΙΙ-

594 1997 676 2041 lius
700 1998 850 2043 merita
883 1997 975 2042 licet
1002 1998 1057 2043 ad
1080 1998 1271 2042 omnium
1306 1999 1492 2043 delenda
1527 2007 1698 2057 peecata
1732 1997 1950 2055 aptissima
1977 2004 2020 2039 ct
2042 1996 2085 2039 in

591 2072 636 2101 se
667 2057 920 2104 sufficientia
955 2058 1042 2102 imo
1076 2059 1469 2117 superabundantia
1504 2061 1621 2102 iuxta
1655 2059 1760 2103 ittud
1784 2057 1955 2102 Psalmi.
1977 2081 2006 2089 -
2037 2058 2088 2099 Et

590 2117 758 2175 copiosa
780 2120 897 2177 apud
923 2121 1028 2164 Eum
1049 2120 1307 2178 Redemptio
1328 2147 1358 2155 -
1378 2128 1420 2163 et
1445 2119 1635 2177 Apostoli
1660 2119 1782 2162 Pauli
1797 2142 1826 2153 -
1843 2117 1925 2161 Ubi
1948 2117 2085 2160 abun-

592 2178 709 2223 davit
740 2180 962 2232 delictum,
988 2181 1359 2238 superabundavit
1392 2189 1434 2224 et
1466 2180 1648 2238 gratia—
1667 2179 1791 2222 nobis
1828 2186 1971 2221 tamen
1994 2177 2089 2220 abs-

592 2253 677 2296 que
708 2250 851 2285 nostra
885 2241 1188 2299 cooperatione
1223 2241 1456 2284 {nullimode
1482 2249 1658 2298 prosunt
1690 2239 1838 2283 exitio
1869 2237 2088 2281 notissimo

592 2302 637 2343 S.
675 2300 904 2358 Augustini
937 2301 1065 2344 effato
1085 2324 1114 2333 -
1134 2301 1216 2356 Qui
1250 2301 1407 2344 creavit
1445 2310 1485 2345 te
1517 2301 1609 2344 sine.
1645 2309 1700 2349 tc,
1730 2316 1814 2343 non
1838 2298 2019 2342 salvabit
2043 2306 2086 2340 te

592 2360 684 2404 sine
720 2369 775 2405 te.
802 2386 831 2393 -
855 2362 974 2404 Unde
1007 2369 1180 2405 aeterna
1215 2362 1437 2405 beatitudo
1472 2363 1511 2405 in
1532 2361 1763 2418 Scripturis
1786 2360 1950 2404 Sanctis
1969 2392 1978 2409 ,
2014 2375 2085 2401 co-

594 2436 696 2465 rona
729 2421 891 2480 gloriae
912 2456 920 2472 ‚
959 2436 1138 2473 merces,
1176 2431 1215 2465 et
1251 2422 1433 2466 iustitiae
1464 2439 1621 2466 corona
1656 2424 1917 2465 nominatur.

471 2481 544 2522 54.
581 2482 710 2526 Cuius
744 2482 922 2540 quidem
959 2483 1127 2527 virtutis
1148 2483 1365 2528 obiectum
1390 2492 1452 2526 est
1488 2484 1573 2527 vita
1598 2491 1772 2527 aeterna
1797 2483 1837 2525 in
1861 2498 1944 2541 qua
1970 2480 2088 2523 Deus

595 2543 688 2600 lpse
732 2543 969 2587 misericors
1008 2553 1046 2587 et
1083 2543 1222 2587 {idelis
1256 2544 1296 2588 in
1341 2544 1426 2587 suis
1468 2543 1685 2602 promissis
1733 2544 1954 2603 potentiae
1986 2555 2089 2582 suae

592 2603 770 2661 gloriam
803 2605 1034 2649 ostendens
1067 2606 1149 2649 «ϊὲι
1173 2620 1333 2649 merces
1355 2605 1487 2648 servis
1509 2606 1596 2649 suis
1622 2621 1775 2665 magna
1799 2604 1940 2647 nimis.
1967 2600 2089 2651 Unde

594 2665 857 2723 Augustinus
890 2665 965 2708 lib.
1002 2667 1030 2709 2
1064 2665 1118 2709 de
1151 2666 1277 2709 Civit.
1316 2666 1397 2708 Dei
1431 2667 1534 2724 Cap.
1563 2666 1702 2710 uttim.
1728 2660 2083 2718 affirmat-Quod

596 2726 835 2784 praemium
861 2727 1027 2770 virtutis
1048 2727 1129 2770 erit.
1164 2727 1252 2785 ipse
1284 2726 1356 2785 qui
1382 2727 1584 2770 virtutem
1620 2727 1756 2778 dedit,
1793 2726 1865 2784 qui
1900 2723 2089 2780 seipsum

595 2803 680 2845 quo
705 2787 808 2830 nihi!
836 2788 967 2830 maius
990 2803 1080 2831 csse
1115 2796 1267 2845 potest,
1296 2788 1542 2845 promisit-
1562 2789 1699 2843 Quam
1735 2787 1976 2830 doctrinam
2007 2793 2089 2825 tra-

594 2848 657 2891 dit
691 2863 863 2907 quoque
896 2848 939 2892 S.
976 2850 1164 2892 Thomas
1198 2850 1268 2906 qui
1303 2849 1348 2891 2.
1388 2849 1431 2892 2.
1462 2859 1630 2907 quaest.
1670 2850 1723 2892 17
1768 2856 1848 2891 art.
1888 2848 1927 2890 in
1963 2860 2080 2902 corp.

596 2909 698 2953 haec
730 2909 895 2953 scribit:
924 2936 951 2944 -
972 2911 1079 2968 Spes
1111 2910 1276 2967 attingit
1317 2911 1453 2952 Deum
1492 2910 1675 2953 innitens
1708 2909 1808 2953 Eius
1843 2907 1999 2951 auxilio
2033 2904 2087 2949 ad
