2648 3600
754 264 816 307 26

753 336 835 380 Dei
870 337 941 381 vix
975 345 1226 396 septennem
1255 335 1443 380 mirabili
1470 336 1629 380 visione
1661 351 1684 380 a
1709 339 1800 381 Deo
1836 336 1962 381 fuisse
1992 347 2243 391 recreatam,

749 398 908 455 quibus
933 397 1167 441 visionibus
1201 395 1435 441 identidem
1462 399 1641 456 ipsamet
1660 398 1714 442 ad
1735 403 1917 441 mortem
1940 411 2076 457 nsque
2099 399 2247 458 digna-

759 466 800 501 ta
832 458 924 501 suit.
953 459 1039 500 lam
1067 472 1167 500 vero
1200 472 1252 501 ex
1285 456 1479 501 doctrina
1514 459 1567 501 D.
1603 460 1794 503 'rhomae
1815 459 1861 501 3.
1889 465 2007 515 pat-te
2025 468 2191 517 quaest.
2215 461 2242 503 7

760 519 801 561 in
833 533 953 575 corp„
1000 524 1042 560 et
1080 517 1134 561 ad
1169 518 1211 561 'lt
1258 518 1423 576 gratiae
1454 519 1586 576 gratis
1628 519 1757 563 datae
1790 515 2057 562 ordinantur
2091 519 2144 563 ad
2181 519 2247 562 Fi-

754 578 825 621 dei
848 610 857 628 ,
906 585 947 620 et
980 577 1211 635 spiritualis
1253 578 1476 623 doctrinae
1524 579 1930 626 manifestationem.
1982 578 2031 621 Et
2064 587 2162 622 ante
2197 579 2248 623 tl-

758 638 846 680 lum
869 638 913 682 S.
941 638 1027 680 Leo
1065 640 1242 697 Magnus
1272 639 1314 682 in
1353 640 1560 685 Sermone
1596 641 1766 684 Ascent.
1804 636 1979 684 Domini
2012 638 2250 696 explanans

757 696 859 740 illud
894 698 1037 742 Marci:
1068 700 1230 758 «Signa
1254 709 1397 743 autem
1431 714 1503 742 eos
1535 699 1609 758 qui
1631 699 1897 744 crediderint
1929 699 2033 742 haec
2064 712 2252 757 sequen-

758 766 855 808 tur;
894 758 1125 803 daemonia
1157 760 1331 804 eiiciont
1354 793 1364 811 ,
1401 767 1621 817 serpentes
1655 760 1835 812 tollent,
1871 768 1915 803 et
1963 757 1996 801 si
2045 759 2251 802 mortife-

759 833 852 860 rum
885 819 996 878 quid
1032 819 1249 871 biberint,
1286 835 1370 863 non
1408 818 1470 862 eis
1509 820 1704 871 nocebit,
1744 832 1873 878 super
1912 833 2061 876 aegros
2099 833 2254 863 manus

764 877 1063 936 imponent,et
1085 880 1198 924 bene
1219 880 1476 924 habebunt·
1506 879 1608 923 haec
1639 878 1787 923 subdit
1813 906 1843 915 -
1874 879 1977 923 haec
2009 878 2136 923 Fides
2153 879 2254 923 dae·

759 952 905 982 mones
938 939 1080 990 eiecit,
1118 939 1410 998 aegritudines
1441 939 1626 998 depulit,
1655 947 1845 984 mortuos
1862 937 2250 995 suscitavit.·-Qua

759 998 815 1041 de
858 1013 983 1043 causa
1015 999 1146 1043 etiam
1179 1001 1258 1044 hoe
1290 1013 1342 1044 ex
1378 1000 1521 1058 capite
1561 1002 1606 1045 S.
1643 1003 1777 1045 Rotae
1808 1002 2028 1044 Romanae
2069 999 2251 1043 Audite-

761 1073 828 1101 rcs
859 1059 1057 1103 heroicae
1088 1060 1210 1105 Fidei
1242 1068 1501 1119 argumenta
1548 1061 1589 1104 in
1624 1060 1821 1119 pluribus
1857 1061 2093 1105 Causarum
2127 1059 2253 1103 Rela-

761 1118 948 1162 t-ionibus
981 1119 1211 1165 desumere
1245 1137 1329 1164 non
1365 1120 1642 1165 haesitat-unt.

641 1178 715 1222 46.
752 1179 901 1222 Paucis
933 1196 986 1224 ox
1019 1180 1189 1225 heroico
1224 1182 1435 1226 virtutum
1479 1181 1675 1225 omnium
1710 1180 1912 1226 exercitio
1944 1179 2000 1224 de
2032 1195 2117 1240 quo
2151 1195 2252 1223 mox
2309 1195 2314 1200 ·

763 1239 846 1283 erit
878 1240 1183 1285 disserendum
1218 1242 1312 1286 iure
1344 1241 1564 1285 deducitu·
1602 1249 1646 1284 et
1679 1241 1831 1285 Fidem
1874 1241 1992 1284 Illius
2038 1240 2254 1284 heroicam

761 1300 949 1344 extit-isse
970 1333 980 1351 ,
1017 1309 1059 1344 et
1091 1301 1199 1345 ratio
1231 1310 1294 1345 est
1338 1301 1438 1360 quia
1473 1300 1534 1344 uti
1566 1301 1783 1359 sapienter
1830 1299 2139 1346 animadvertit
2172 1301 2259 1343 Do-

760 1369 850 1403 ctor
882 1360 1112 1419 Angelieus
1136 1362 1241 1405 ist-ae
1273 1377 1424 1406 omnes
1447 1361 1624 1405 virtutes
1652 1362 1712 1405 ad
1746 1361 1933 1406 invicem
1956 1360 2253 1418 perficiuntur.

762 1421 868 1464 llinc
898 1420 1028 1465 Cat-d.
1064 1422 1352 1467 De—Lauraea
1386 1422 1427 1465 in
1451 1423 1479 1465 3
1501 1429 1687 1466 sentent.
1724 1421 1836 1481 disp.
1865 1422 1924 1465 32
1948 1428 2030 1464 art.
2054 1422 2084 1464 9
2106 1421 2150 1464 in
2174 1419 2254 1464 fin.

762 1481 991 1525 Concludit
1011 1481 1128 1540 quod
1162 1483 1309 1527 omnia
1332 1482 1453 1541 signa
1475 1482 1594 1540 Spei,
1619 1492 1663 1526 et
1684 1479 1914 1527 Chat-itatis
1936 1481 2133 1525 heroicae
2156 1488 2258 1523 sunt

763 1541 891 1583 etiam
908 1541 1031 1600 signa
1055 1542 1171 1587 Fidei
1207 1542 1418 1588 heroicae.
1451 1544 1563 1587 Cum
1594 1555 1697 1586 vero
1728 1544 1862 1588 Serva
1894 1541 1976 1585 Dei
2003 1549 2095 1585 tum
2116 1540 2259 1584 Theo-

767 1601 922 1659 logales
955 1602 1165 1655 virtutes3
1204 1611 1293 1646 tum
1327 1603 1577 1648 Cardinales
1609 1602 1651 1645 in
1694 1601 1830 1660 gradu
1862 1601 2067 1653 heroico,
2106 1616 2259 1659 usque·

766 1676 936 1722 quaque
969 1662 1233 1716 exercuerit,
1272 1663 1331 1707 uti
1365 1679 1416 1707 ex
1451 1662 1561 1707 infra
1588 1662 1784 1708 dicendis
1813 1662 2015 1724 patebit,
2053 1662 2150 1706 hinc
2187 1660 2262 1705 de—

766 1723 921 1766 ducere
954 1736 1181 1781 possumus
1213 1725 1305 1768 sine
1337 1723 1511 1768 errandi
1536 1722 1769 1767 formidine
1789 1722 1907 1785 quod
1928 1728 1974 1767 et
1995 1722 2122 1766 Fides
2145 1720 2261 1767 Eius-

766 1782 866 1826 dem
900 1783 1069 1827 heroica
1101 1783 1322 1835 extiterit,
1361 1793 1404 1828 ut
1438 1783 1554 1828 enim
1588 1784 1691 1827 scite
1723 1783 1777 1827 ad
1821 1796 1913 1830 rem
1949 1792 2139 1826 nostram
2172 1781 2260 1825 dis-

768 1844 869 1887 serit
902 1844 958 1886 D.
997 1844 1242 1888 Bernardus
1277 1844 1319 1887 in
1353 1844 1502 1888 homil.
1541 1844 1649 1888 tnta-a
1682 1845 1779 1888 Oet.
1814 1844 1971 1903 Epiph.
1996 1867 2025 1875 -
2050 1843 2172 1887 Fides
2195 1858 2263 1886 su-

769 1903 1072 1962 perabundare
1106 1904 1202 1948 facit
1236 1905 1277 1948 in
1312 1906 1438 1949 nobis
1479 1904 1662 1962 gratiam
1697 1905 1740 1948 in
1783 1904 1903 1950 omni
1937 1903 2147 1963 sapientia
2168 1935 2179 1954 ,
2216 1911 2260 1946 et

767 1963 1002 2020 prudentia
1025 1980 1049 2008 a
1071 1980 1156 2023 qua
1179 1980 1330 2008 omnes
1352 1966 1531 2009 virtutes
1552 1964 1874 2016 coordinantur,
1893 1973 1937 2008 et
1957 1964 2219 2022 diriguntur.
2234 1989 2264 1998 -

649 2024 723 2067 47.
760 2024 820 2066 Ex
852 2023 1011 2081 quibus
1058 2024 1263 2068 omnibns
1298 2033 1389 2069 tum
1429 2025 1603 2070 heroica
1634 2033 1677 2068 et
1724 2025 1951 2084 singularis
1987 2025 2145 2069 Sei-vae
2179 2023 2260 2067 Dei

769 2083 895 2128 Fides
918 2084 1075 2128 invicte
1097 2085 1434 2138 demonstratum
1471 2094 1564 2129 tutm
1599 2084 1738 2136 facile,
1776 2093 2043 2144 promptum,
2069 2092 2111 2128 et
2135 2098 2261 2127 num-

770 2159 903 2201 quam
938 2144 1227 2188 intermissum
1262 2145 1401 2189 dictae
1436 2144 1603 2189 virtutis
1635 2145 1900 2189 exercitium
1921 2160 1976 2188 ex
2007 2160 2094 2204 quo
2128 2144 2265 2202 profe-

771 2213 851 2308 ἓξ]
871 2204 1082 2307 emergit,
1119 2214 1161 2249 et
1194 2213 1360 2250 constat
1406 2206 1577 2250 liabitas
1614 2204 1686 2249 ille
1732 2206 1806 2265 qui
1855 2206 2077 2249 hominem
2112 2203 2264 2249 reddit

811 2280 820 2307 t
856 2279 985 2309 eem.

1130 2382 1203 2431 De
1246 2382 1446 2433 heroica
1485 2383 1538 2435 S.
1574 2384 1635 2435 D.
1669 2383 1789 2450 Spe.

654 2508 729 2552 48.
765 2509 832 2552 De
865 2509 1034 2553 heroica
1071 2510 1233 2556 Servae
1267 2511 1349 2555 Dei
1381 2512 1548 2558 Son-oris
1577 2514 1737 2558 Mariae
1768 2513 1825 2559 ab
1857 2511 2159 2558 lucarnatione
2188 2523 2268 2568 spe

773 2577 949 2615 acturus
993 2570 1292 2616 animadverto
1332 2571 1533 2631 inprimis
1561 2575 1679 2632 quod
1715 2575 1844 2619 talem
1889 2589 1937 2618 ac
1970 2581 2137 2616 tantum
2159 2571 2269 2629 -lpsa

776 2631 906 2674 habet
935 2644 1034 2675 eum
1069 2631 1176 2676 Fide
1198 2647 1378 2684 nexum,
1405 2649 1453 2678 ac
1484 2634 1836 2692 dependentium,
1876 2643 1922 2678 ut
1955 2634 2033 2678 hac
2056 2633 2111 2677 do
2142 2644 2269 2675 causa

778 2691 974 2735 Fiduciae
1008 2693 1182 2736 nomine
1217 2694 1376 2751 passim
1409 2694 1669 2753 appelletur.
1713 2696 1853 2752 Quem
1886 2694 2064 2754 quidem
2106 2705 2267 2736 nexum

779 2751 1064 2797 arctissimum
1098 2755 1292 2812 agnovit,
1328 2762 1371 2798 et
1401 2755 1619 2800 consessus
1650 2764 1713 2800 est
1745 2758 1790 2800 S.
1827 2754 2092 2813 Augustinus
2114 2751 2187 2812 qui
2223 2750 2265 2793 in

780 2812 994 2857 Enchirid.
1030 2828 1123 2872 cap.
1160 2814 1188 2857 4
1221 2815 1327 2859 haec
1359 2815 1524 2859 scribit:
1555 2840 1584 2849 -
1619 2816 1737 2872 Quid
1769 2817 1929 2876 sperari
1963 2815 2118 2875 poterit
2151 2810 2272 2870 quod

781 2885 867 2917 uon
899 2873 1122 2919 creditur?
1156 2874 1263 2920 ttinc
1284 2876 1487 2935 estquod
1509 2876 1789 2938 Theologales
1821 2877 1930 2921 inter
1963 2876 2142 2921 virtutes
2173 2886 2271 2932 pro-
