2608 3552
644 264 705 308 98

644 357 660 376 ι
688 335 984 392 Quantunque
1018 328 1056 373 la
1089 327 1325 373 medesima
1359 328 1467 374 losse
1499 338 1610 376 stata
1644 347 1722 391 per
1744 331 1945 377 dieciotto
1969 334 2165 381 anniSu-

646 417 663 437 ι
692 394 860 467 periora
896 392 937 435 in
972 388 1131 434 diversi
1167 389 1321 449 tempi.
1359 405 1383 433 e
1418 389 1455 434 la
1490 391 1630 450 prima
1664 392 1709 437 di
1743 400 1889 453 questa
1931 393 2037 439 Casa
2081 412 2161 441 con

646 478 662 498 ι
692 465 830 501 intera
862 449 1176 497 soddisfazionc
1208 449 1321 495 delle
1355 466 1539 508 persone
1573 452 1756 506 interne,
1779 461 1821 498 et
1853 461 2038 505 esterno,
2077 464 2163 501 tut-

647 540 663 559 .
692 516 822 567 tavia,
858 511 1060 559 continua
1094 510 1133 555 la
1170 510 1315 555 Madre
1347 510 1392 555 di
1425 512 1544 557 Sant'
1566 513 1787 563 Atanasio.
1822 514 2050 560 sembrava
2082 517 2161 562 che

643 600 658 619 .
688 577 779 622 Ella
814 590 898 619 non
933 586 1081 618 avesse
1111 571 1372 616 comandato
1405 571 1629 631 giammai,
1668 583 1786 619 tanto
1819 589 1889 619 cra
1924 576 1961 620 la
1994 592 2067 620 sua
2100 577 2162 623 sa·

641 660 658 680 .
685 638 799 684 cilita
833 635 902 679 nel
937 632 1241 678 sottomcttcrsi
1277 632 1360 677 alle
1395 633 1584 678 inferiori
1620 635 1830 686 eziandio,
1868 636 1907 680 la
1929 638 2031 695 qual
2062 653 2159 683 cosa

642 720 659 741 n
686 700 710 744 ὁ
742 705 852 743 stata
883 695 927 740 di
963 692 1261 752 meravigliosa
1293 692 1571 739 edificazione
1604 711 1627 739 a
1676 703 1784 740 tutta
1818 696 1855 740 la
1890 703 2031 741 nostra
2072 699 2164 744 Co-

645 782 660 801 ·
686 758 869 805 munita.
908 758 939 800 E
972 754 1037 799 cio
1069 754 1148 799 che
1180 754 1204 797 e
1237 761 1346 799 stato
1378 756 1695 815 sorprendcnte
1732 756 1773 801 in
1797 764 1947 816 questa
1970 758 2160 805 amabile

645 844 660 861 ι
689 820 838 866 Madre
870 818 903 863 si
937 817 961 861 ὸ
994 816 1071 860 che
1104 816 1141 860 la
1177 830 1251 859 sua
1285 815 1437 860 umilta
1479 832 1552 861 era
1595 825 1929 876 accompagnata
1972 817 2026 863 da
2073 836 2159 865 una

644 903 661 923 ι
688 879 852 940 grande
885 875 1217 935 magnanimita,
1256 876 1408 933 poiche
1443 876 1533 921 Ella
1569 893 1654 922 non
1691 886 1876 930 temeva,
1913 893 1937 921 e
1973 894 2058 923 non
2096 881 2161 925 in-

641 964 657 982 .
687 938 982 998 dietreggiava
1017 936 1188 981 innanzi
1222 951 1244 979 a
1279 951 1441 981 veruna
1473 936 1678 982 dissicolta
1701 938 1813 983 nelle
1836 937 1989 997 grandi
2014 940 2155 985 azioni

641 1025 657 1044 .
688 1002 730 1047 in
762 1001 830 1046 cui
865 999 903 1044 la
937 998 1195 1056 impegnava
1220 997 1258 1041 la
1283 997 1596 1043 l‘rovvidenza.
1624 998 1714 1043 Ella
1749 998 2008 1058 travagliava
2039 1001 2163 1046 inde-

643 1085 659 1105 »
688 1063 946 1108 fessamcnte
981 1058 1022 1102 in
1059 1057 1153 1102 tutti
1179 1057 1234 1116 gli
1260 1057 1379 1102 al'l'ari
1403 1058 1480 1103 che
1504 1060 1543 1102 le
1567 1060 1781 1104 vcnivano
1803 1060 2026 1104 commessi
2044 1061 2162 1107 dalla

643 1146 659 1165 .
686 1120 998 1171 Provvidenza‚
1018 1119 1050 1163 si
1075 1126 1251 1162 trovava
1283 1133 1455 1177 sempre
1490 1128 1643 1178 pronta
1665 1121 1723 1165 ad
1746 1134 1925 1178 operare
1946 1119 2157 1166 d'avvan-

643 1207 659 1226 .
688 1183 832 1241 taggio
866 1197 943 1241 per
977 1180 1015 1224 la
1039 1195 1113 1223 sua
1137 1178 1288 1237 gloria,
1315 1195 1339 1223 e
1362 1195 1440 1239 per
1462 1179 1819 1239 l'adempimento
1843 1180 1913 1225 dcl
1937 1195 2015 1224 suo
2037 1191 2161 1226 santo

641 1268 657 1286 ι
688 1239 849 1294 volere,
886 1258 910 1285 c
932 1254 1105 1300 semprc
1128 1239 1318 1297 disposta
1342 1257 1365 1284 a
1390 1240 1504 1285 nulla
1529 1256 1725 1300 operare,
1753 1240 1932 1301 quando
1956 1240 2023 1285 cio
2046 1241 2157 1287 l'osse

639 1328 654 1346 ι
686 1306 713 1351 il
750 1321 828 1349 suo
862 1302 1033 1362 piacerc
1068 1300 1153 1360 (1).
1175 1320 1190 1339 ι

758 1366 863 1410 120.
901 1360 1093 1407 Profecto
1127 1360 1161 1404 si
1197 1360 1298 1404 haec
1333 1361 1492 1406 invicte
1527 1376 1611 1405 non
1647 1363 1833 1421 probant
1857 1362 2092 1413 heroicam,
2116 1371 2158 1407 et

632 1423 1020 1486 incomparabilem
1054 1423 1213 1466 Sorvae
1247 1420 1324 1465 Dei
1360 1422 1530 1466 Sororis
1564 1423 1723 1467 Mariae
1766 1423 1823 1468 ab
1861 1423 2160 1468 incarnatione

633 1487 924 1534 humilitatem
961 1482 1101 1527 nescio
1134 1497 1245 1540 quae
1267 1482 1351 1526 alia
1379 1481 1560 1540 proferri
1584 1484 1748 1540 possint
1771 1492 2023 1541 argumenta
2046 1500 2159 1543 quae

633 1548 844 1593 efficacius
877 1545 956 1589 hoc
989 1551 1227 1603 praestent.
1264 1541 1420 1601 Agitur
1452 1557 1642 1602 namque
1675 1543 1731 1587 do
1756 1543 2000 1588 testimonio
2024 1545 2080 1588 ab
2104 1547 2161 1590 Ea

634 1610 805 1670 prolato
843 1621 955 1665 quae
990 1619 1073 1647 non
1109 1612 1196 1647 tam
1231 1618 1390 1647 coaeva
1425 1603 1576 1648 Eidem
1610 1605 1771 1649 Sorvae
1804 1605 1883 1648 Dei
1924 1604 2155 1657 extiterat,

631 1685 764 1729 quam
800 1682 877 1727 per
909 1665 1168 1709 diuturnum
1203 1663 1411 1721 temporis
1442 1664 1628 1723 spatium
1652 1664 1893 1708 consodalis
1911 1665 1974 1709 llli
1998 1665 2156 1718 luerat,

631 1746 681 1774 ac
716 1744 794 1789 per
826 1739 1090 1783 consequens
1123 1723 1179 1767 de
1213 1723 1386 1782 propria
1419 1724 1596 1768 scicntia
1618 1757 1627 1773 ,
1670 1732 1708 1768 et
1737 1724 1792 1768 de
1826 1725 1933 1769 facto
1978 1726 2160 1785 proprio

631 1807 683 1835 ea
715 1804 830 1849 quac
863 1785 1049 1830 narravit
1099 1784 1154 1828 de
1198 1783 1377 1827 Famula
1427 1784 1509 1828 Dei
1551 1786 1751 1843 apprime
1786 1795 1977 1830 noverat.
2016 1788 2066 1830 Et
2101 1787 2159 1831 ad

632 1851 769 1896 maius
803 1846 1047 1907 praedictae
1083 1843 1367 1888 testificationi
1402 1844 1656 1889 addendum
1682 1845 1850 1904 pondus
1882 1853 2023 1904 potest
2062 1846 2168 1890 ani-

633 1908 847 1956 madverti
881 1913 1165 1951 memoratam
1199 1907 1398 1950 Sororem
1423 1920 1446 1948 a
1469 1907 1626 1951 Sancto
1651 1907 1883 1951 Athanasio
1904 1907 2029 1951 fuisse
2051 1908 2160 1953 San-

632 1968 930 2017 ctimonialem
980 1967 1168 2025 pietate,
1207 1964 1402 2010 doctrina
1424 1998 1433 2016 ‚
1471 1973 1514 2010 et
1546 1966 1804 2011 discretione
1837 1967 2015 2027 spiritus
2057 1967 2164 2011 insi-

633 2048 762 2094 gnem
798 2046 851 2075 ex
883 2045 971 2088 quo
1005 2027 1161 2071 lactum
1196 2034 1258 2069 est
1292 2035 1338 2069 ut
1362 2026 1460 2070 Eius
1484 2026 1782 2072 testimonium
1806 2028 1981 2086 plurimi
2006 2029 2063 2072 ab
2084 2029 2161 2071 Ur-

633 2092 782 2139 sulinis
815 2087 1174 2147 Quebccensibus
1216 2086 1343 2131 fuerit
1394 2087 1513 2131 nullo
1562 2102 1646 2131 non
1696 2097 1890 2147 tempore
1939 2089 2154 2133 habitum.

634 2156 769 2198 Porro
803 2151 931 2196 etiam
966 2149 1010 2192 in
1045 2147 1268 2207 hypothesi
1301 2147 1420 2207 quod
1444 2147 1610 2192 nullum
1634 2148 1846 2194 directum
1870 2149 1964 2194 (lari
1985 2164 2161 2208 respon-

635 2231 731 2260 sum
768 2219 906 2272 posset
941 2209 1185 2269 propositae
1218 2209 1272 2253 ab
1305 2208 1571 2252 Adversario
1605 2218 1752 2254 nostro
1794 2209 2059 2262 difficultati,
2107 2225 2161 2254 ex

634 2276 701 2320 his
735 2270 1037 2318 tantummodo
1069 2285 1181 2330 quae
1216 2268 1347 2313 modo
1371 2270 1493 2313 attuli
1523 2269 1655 2314 relate
1677 2271 1734 2315 ad
1758 2270 1972 2315 heroicam
1994 2272 2160 2315 Servae

634 2337 716 2381 Dei
753 2333 1055 2382 humilitatem,
1092 2338 1199 2389 puto
1232 2329 1455 2390 equidem,
1492 2329 1652 2375 deduci
1676 2331 1789 2375 sacili
1824 2331 1994 2391 negotio
2030 2345 2156 2391 posse

635 2396 757 2456 quod
790 2395 824 2439 si
859 2395 955 2452 lpsa
989 2391 1069 2436 Dei
1103 2391 1281 2435 Famula
1316 2391 1461 2436 Vitam
1496 2406 1619 2435 suam
1653 2392 1820 2451 scriptis
1853 2392 2154 2449 consignavit,

635 2457 680 2502 id
715 2471 800 2501 non
837 2470 891 2499 ex
926 2452 1104 2513 proprio
1138 2452 1316 2496 arbitrio
1350 2468 1398 2496 ac
1432 2452 1655 2496 voluntate
1689 2461 1731 2498 et
1765 2454 1897 2498 multo
1931 2454 2075 2497 minus
2109 2467 2162 2496 cx

636 2518 814 2563 levitate
848 2514 915 2558 vel
949 2513 1237 2558 ostentatione
1269 2522 1499 2558 executam
1549 2513 1703 2566 luisse,
1740 2515 1852 2558 bene
1895 2529 1998 2558 vero
2042 2515 2161 2558 lussu

636 2580 718 2623 Dei
754 2575 1024 2626 immediate,
1065 2574 1131 2619 vel
1166 2574 1356 2618 mediate
1392 2574 1594 2619 videlicet
1627 2574 1691 2618 sui
1716 2575 1986 2626 confessarii,
2014 2575 2072 2619 ita
2098 2583 2162 2618 ta-

638 2655 738 2684 mon
774 2646 820 2683 ut
854 2638 895 2681 in
934 2636 1072 2695 prima
1115 2636 1245 2679 etiam
1292 2635 1518 2694 hypothesi
1563 2651 1792 2679 consensus
1830 2645 1872 2681 et
1903 2635 2162 2694 adprobatio

636 2699 893 2745 confessarii
918 2712 1231 2757 usquequaque
1256 2695 1558 2740 intervenerit.
1582 2697 1629 2739 Et
1655 2697 1735 2740 hoc
1759 2697 1826 2741 vel
1848 2696 2036 2741 maxime
2059 2711 2159 2740 con-

637 2760 836 2805 firmatur
870 2775 923 2803 ex
958 2773 1009 2802 eo
1041 2756 1163 2816 quod
1196 2757 1361 2802 Eadem
1398 2757 1477 2801 Dei
1502 2758 1678 2801 Famula
1705 2757 1855 2816 (idque
1878 2760 1975 2817 lpso
2000 2758 2161 2802 latente

770 2882 836 2941 (1)
870 2881 1023 2925 sunam.
1054 2896 1158 2938 pay.
1198 2880 1284 2923 420
1317 2877 1372 2938 S.
1399 2879 1555 2924 56-62.
