2760 3568
475 1795 582 1839 233.

1995 253 2081 299 427

592 322 641 367 tis
675 330 764 366 tum
800 321 1089 382 TheologieiS,
1128 331 1218 368 tum
1253 325 1487 370 Moraiibus
1521 333 1581 370 est
1605 325 1835 384 probabile
1858 341 2088 384 argumen-

597 391 685 427 tum
721 382 777 427 de
812 381 982 428 illarum
1015 384 1244 430 existentia
1279 387 1321 429 in
1352 386 1493 443 gradu
1528 386 1716 430 hevoico.
1745 386 1826 431 Via
1860 387 1976 432 enim
1995 386 2089 432 {ieri

603 451 757 503 potest,
796 451 842 486 ut
873 443 1088 503 quispiam
1123 460 1229 489 unus
1264 445 1307 489 in
1339 446 1549 491 diuturno
1584 447 1695 491 vitae
1718 462 1944 506 progressu
1969 447 2092 492 inno-

604 504 671 549 cui
704 503 836 548 animi
872 505 1005 557 larva,
1043 514 1364 551 consummatae
1398 507 1625 565 probitatis
1648 508 1807 565 specio,
1834 523 1984 552 omncs
2017 508 2093 552 Ιιο-

605 564 742 609 mines
775 563 922 609 doctos
944 598 954 617 ,
992 572 1032 609 ct
1066 565 1258 611 indoctos
1305 567 1510 618 seducat,
1550 568 1615 612 vei
1650 567 1847 612 deludat.
1868 592 1896 601 -
1929 568 2093 614 {dcirco

603 626 636 671 si
670 626 802 670 Serva
835 625 916 671 Dei
950 627 1080 671 Soror
1114 627 1243 672 Maria
1276 628 1334 672 ab
1366 627 1665 671 incarnatione
1688 629 1746 671 uti
1772 645 1825 673 ex
1848 628 1971 673 dictis
1992 646 2092 674 con-

603 694 683 732 stat
713 685 857 730 adhuc
905 687 1054 730 vivens
1105 688 1240 745 potita
1274 696 1335 732 est
1368 689 1500 732 Fama
1549 688 1791 732 Sanctitatis
1843 689 2088 743 universali,

602 755 839 799 constante,
877 747 919 791 in
954 746 1047 791 dies
1081 750 1214 807 magis
1249 757 1388 799 aucta,
1426 757 1469 792 et
1493 747 1762 799 confirmata,
1789 755 1832 792 ct
1856 748 2027 807 insuper
2044 766 2094 796 ea

602 809 715 853 bene
750 807 945 860 fundata,
982 807 1085 866 quia
1120 808 1267 853 innixa
1315 825 1444 868 super
1486 808 1641 860 tirum,
1680 816 1809 867 atque
1845 808 2090 855 inconcusso

603 869 810 913 virtutum
845 868 1039 912 omnium
1076 869 1346 914 heroicarum
1381 868 1680 920 fundamento,
1718 877 1760 912 ct
1794 869 1960 913 eximiis
1994 871 2092 915 cha-

604 929 854 973 rismatibus
888 946 910 973 a
948 930 1039 972 Deo
1073 929 1137 973 11Ιί
1170 929 1349 981 collatis,
1386 929 1471 974 dici
1507 928 1600 973 iure
1623 929 1789 987 optimo
1817 937 1952 987 potest
1976 931 2094 989 quod

603 990 786 1048 Spiritus
819 990 997 1034 Sanctus
1031 1005 1109 1048 per
1142 1006 1187 1034 os
1221 991 1362 1034 David
1396 990 1574 1034 asseruit
1601 990 1658 1034 ‹le
1681 990 1847 1035 Sanctis
1868 990 1940 1049 qui
1964 1006 2012 1035 ea
2037 991 2092 1036 dc

601 1067 725 1095 causa
762 1050 1032 1108 potissimum
1064 1058 1162 1094 sunt
1197 1051 1324 1095 nimis
1358 1051 1551 1095 honorati
1576 1051 1676 1109 quia
1701 1050 1826 1094 amici
1852 1050 1950 1102 Dei,
1975 1051 2091 1096 unde

600 1119 642 1155 ct
674 1110 855 1169 gloriam
906 1111 1068 1168 pariter
1116 1110 1158 1154 in
1201 1111 1525 1155 conversatione
1558 1110 1749 1168 gentium
1791 1110 1938 1169 adepti
1972 1121 2088 1157 sunt.

600 1173 712 1215 Haec
762 1186 889 1228 porro
952 1171 1101 1214 omnia
1164 1188 1215 1215 cx
1266 1172 1458 1215 unanimi
1510 1171 1830 1229 Theologorum
1880 1173 2093 1216 sententia

599 1232 837 1290 piurimum
870 1231 1064 1275 conferre
1098 1231 1302 1276 videntur
1335 1232 1387 1276 ad
1420 1240 1587 1275 certum
1620 1231 1676 1275 de
1710 1230 1893 1275 heroicis
1927 1233 2093 1277 Servo-

599 1307 695 1335 rum
731 1291 812 1334 Dei
848 1292 1094 1341 virtutibus,
1117 1301 1159 1335 ct
1178 1292 1413 1338 Sanctitate
1450 1291 1660 1336 iudicium
1697 1291 1921 1336 screndum
1942 1307 2095 1351 quem-

600 1350 837 1395 admodum
887 1350 1017 1394 ctiam
1068 1351 1217 1396 fecisse
1262 1361 1427 1397 constat
1460 1354 1505 1397 S.
1544 1354 1679 1397 Rotae
1714 1355 1931 1397 Romanae
1953 1353 2093 1398 Audi-

600 1420 709 1456 tores
744 1411 786 1454 in
820 1410 1018 1469 piurimis
1051 1411 1286 1456 Causarum
1322 1413 1637 1458 Relationibus.
1674 1413 1760 1459 Sed
1797 1414 1879 1457 iam
1925 1422 2093 1473 tempus

598 1480 659 1517 est
692 1480 738 1516 ut
772 1479 922 1530 agatur

661 1596 734 1646 De
776 1597 996 1647 Pretioso
1044 1596 1350 1717 ServfleFDei
1387 1596 1528 1647 obitu
1569 1602 1618 1646 et
1648 1596 1908 1647 Concursu

1139 1682 1166 1717 a
1273 1681 1424 1718 unus,

619 1795 726 1839 Cum
778 1796 943 1854 integra
990 1797 1149 1840 Servae
1197 1797 1279 1839 Dei
1314 1796 1479 1840 Sororis
1514 1796 1670 1840 Mariae
1704 1796 1761 1839 ab
1805 1795 2096 1839 incarnatione

596 1855 683 1900 vita
717 1871 771 1900 cx
805 1855 928 1900 dictis
960 1857 1042 1900 hue
1067 1872 1202 1915 usque
1235 1856 1423 1900 extiterit
1456 1857 1619 1900 eunctis
1652 1856 1921 1906 Christianis,
1959 1857 2097 1899 ctRe-

594 1916 751 1974 ligiosis
786 1916 1019 1961 virtutibus
1051 1917 1174 1975 quasi
1211 1917 1389 1961 totidem
1424 1917 1657 1961 monilibus
1682 1916 2002 1975 pretiosissimis
2026 1932 2096 1959 re-

594 1977 765 2028 dimita,
793 1993 896 2036 quas
918 1977 1097 2036 quidem
1116 1977 1297 2023 virtutes
1316 1978 1485 2021 heroico
1511 1978 1553 2020 in
1573 1978 1712 2034 gradu
1746 1979 1840 2034 ipsa
1865 1977 1956 2020 sine
1982 1977 2096 2020 inter

595 2038 797 2081 missione
813 2038 1020 2089 excreuit,
1043 2037 1201 2082 idcirco
1225 2038 1365 2097 qualis
1388 2038 1517 2081 fucrit
1541 2037 1741 2081 Eiusdem
1767 2037 1912 2081 obitus
1929 2038 2093 2095 absque

593 2099 766 2143 errandi
790 2098 1020 2142 formidine
1039 2108 1178 2155 potest
1196 2099 1307 2143 facili
1331 2098 1503 2155 negotio
1521 2097 1806 2155 deprehendi,
1825 2097 2097 2155 quandoqui-

593 2159 694 2203 dcm
717 2159 862 2203 obitus
889 2175 975 2201 non
993 2167 1055 2202 est
1074 2159 1191 2201 aliud
1210 2159 1290 2201 nisi
1314 2158 1489 2202 ultimus
1507 2157 1620 2201 vitae
1639 2166 1755 2201 aetus
1773 2173 1847 2201 seu
1869 2157 2009 2215 potius
2031 2157 2097 2201 vi-

595 2228 661 2263 tae
686 2220 821 2277 ipsius
854 2219 959 2262 echo
994 2219 1035 2261 in
1069 2219 1273 2261 omnibus
1306 2218 1446 2262 eidem
1482 2218 1749 2276 respondens
1784 2218 1905 2262 unde
1948 2218 2098 2262 tritum

593 2279 778 2331 illud,ac
796 2279 1097 2337 pervulgatum
1129 2279 1325 2334 -Quaiis
1349 2279 1449 2330 vita,
1475 2278 1571 2322 [inis
1604 2279 1679 2322 ita.
1700 2303 1728 2311 -
1759 2278 1966 2334 Quamvis
1988 2294 2096 2322 vero

593 2340 649 2385 de
672 2340 750 2384 hoc
773 2339 889 2384 nulla
923 2339 1056 2398 possit
1078 2354 1169 2383 esse
1192 2339 1403 2397 quaestio,
1426 2347 1621 2384 attamen
1645 2340 1854 2399 quoniam
1878 2341 2095 2397 sapienter

593 2400 634 2444 in
654 2417 772 2445 sacro
796 2401 874 2444 hoc
897 2400 989 2444 foro
1012 2407 1220 2444 statutum
1244 2408 1307 2445 est
1332 2408 1378 2444 ut
1411 2400 1580 2459 quoties
1602 2408 1753 2458 agatur
1784 2401 1841 2445 de
1874 2416 2002 2444 causa
2022 2399 2097 2443 ali-

594 2462 712 2506 cuius
745 2462 868 2506 Servi
903 2461 984 2505 Dei
1018 2460 1074 2505 ad
1108 2476 1315 2519 superum
1349 2461 1531 2505 honores
1554 2461 1770 2505 evehcndi
1795 2468 1890 2519 post
1912 2461 2096 2505 demon-

594 2531 776 2567 stratum
825 2522 1080 2566 diuturnum
1108 2556 1117 2575 ,
1170 2530 1212 2566 et
1260 2537 1502 2581 numquam
1554 2522 1845 2582 interruptum
1882 2522 2094 2565 virtutum

595 2584 791 2628 omnium
825 2583 1097 2627 heroicarum
1118 2583 1387 2634 exercitium,
1427 2598 1596 2627 necnon
1619 2584 1797 2628 Famam
1821 2581 2090 2633 Sanctitatis,

599 2645 898 2701 investigetur,
935 2652 979 2687 et
1012 2645 1222 2702 probetur
1255 2644 1459 2688 Eiusdem
1495 2644 1666 2688 obitum
1700 2643 1888 2687 extitisse
1925 2644 1968 2686 in
1992 2657 2095 2686 con-

599 2713 747 2763 speetu
781 2704 958 2748 Domini
994 2705 1246 2763 pretiosum,
1285 2721 1333 2749 ac
1366 2705 1542 2763 publica
1577 2704 1872 2748 testificatione
1896 2712 2094 2747 notatum

601 2766 740 2810 exitus
773 2765 990 2824 siquidem
1025 2774 1118 2810 acta
1152 2766 1324 2824 probat,
1361 2775 1403 2810 et
1436 2765 1605 2809 nonnisi
1641 2781 1720 2824 per
1749 2780 1850 2809 eum
1885 2764 1940 2809 de
1973 2763 2092 2807 finali

594 2827 913 2887 perseverantia
937 2827 979 2870 in
998 2827 1115 2870 bono
1145 2827 1295 2871 haberi
1320 2827 1534 2870 certitudo
1554 2826 1682 2877 valet,
1722 2826 1819 2870 hinc
1842 2823 2095 2869 huiusmodi

594 2888 781 2947 praxim,
818 2896 860 2931 et
893 2887 1205 2947 praescriptum
1238 2904 1421 2948 sequens
1455 2903 1589 2946 pauca
1614 2887 1669 2932 de
1694 2887 1806 2931 felici
1830 2890 1990 2932 Sei-vae
2010 2885 2091 2929 Dei

598 2949 778 2994 transitu
826 2949 1046 3007 proferam
1068 2982 1078 3001 ‚
1131 2959 1259 3008 atque
1309 2948 1482 3008 insuper
1537 2949 1683 3007 aliqua
1730 2948 1784 2992 de
1816 2947 1993 3007 publiea
2030 2953 2094 2989 te-
